<?xml version="1.0" encoding="UTF-8"?>
<!DOCTYPE html PUBLIC "-//W3C//DTD XHTML 1.0 Transitional//EN"
    "http://www.w3.org/TR/xhtml1/DTD/xhtml1-transitional.dtd">
<html xmlns="http://www.w3.org/1999/xhtml" xml:lang="en" lang="en">
 <head>
  <title>
</title>
<meta http-equiv="Content-Type" content="text/html;charset=utf-8" />
  <meta name='ocr-system' content='tesseract 3.04.00' />
  <meta name='ocr-capabilities' content='ocr_page ocr_carea ocr_par ocr_line ocrx_word'/>
</head>
<body>
  <div class='ocr_page' id='page_1' title='image "./philosophiaenat01newtgoog_0513.png"; bbox 0 0 3330 5692; ppageno 0'>
   <div class='ocr_carea' id='block_1_1' title="bbox 76 540 1359 665">
    <p class='ocr_par' dir='ltr' id='par_1_1' title="bbox 76 540 1359 665">
     <span class='ocr_line' id='line_1_1' title="bbox 76 540 1359 665; baseline 0.024 -61"><span class='ocrx_word' id='word_1_1' title='bbox 76 540 188 606; x_wconf 79' lang='lat' dir='ltr'><strong>Lmen</strong></span> <span class='ocrx_word' id='word_1_2' title='bbox 204 543 385 626; x_wconf 73' lang='lat' dir='ltr'><strong>Turnus]</strong></span> <span class='ocrx_word' id='word_1_3' title='bbox 410 548 650 615; x_wconf 88' lang='lat' dir='ltr'><strong>PRINCIPIA</strong></span> <span class='ocrx_word' id='word_1_4' title='bbox 675 554 1045 665; x_wconf 64' lang='lat' dir='ltr'><strong>MATHEMarlca.</strong></span> <span class='ocrx_word' id='word_1_5' title='bbox 1299 577 1359 636; x_wconf 77' lang='grc'><strong>128</strong></span> 
     </span>
    </p>
   </div>
   <div class='ocr_carea' id='block_1_2' title="bbox 37 718 1361 2657">
    <p class='ocr_par' dir='ltr' id='par_1_2' title="bbox 37 718 1361 2657">
     <span class='ocr_line' id='line_1_2' title="bbox 72 718 1361 820; baseline 0.019 -41"><span class='ocrx_word' id='word_1_6' title='bbox 72 729 170 781; x_wconf 76' lang='lat' dir='ltr'><strong>mitur</strong></span> <span class='ocrx_word' id='word_1_7' title='bbox 193 718 239 802; x_wconf 93' lang='lat' dir='ltr'><strong>(id</strong></span> <span class='ocrx_word' id='word_1_8' title='bbox 261 731 307 783; x_wconf 89' lang='lat' dir='ltr'><strong>est</strong></span> <span class='ocrx_word' id='word_1_9' title='bbox 326 720 406 784; x_wconf 77' lang='lat' dir='ltr'><strong>viros</strong></span> <span class='ocrx_word' id='word_1_10' title='bbox 431 732 449 786; x_wconf 82' lang='lat'><em>3</em></span> <span class='ocrx_word' id='word_1_11' title='bbox 466 723 482 787; x_wconf 93' lang='grc' dir='ltr'>Ι</span> <span class='ocrx_word' id='word_1_12' title='bbox 499 723 531 788; x_wconf 90' lang='grc' dir='ltr'>Τ</span> <span class='ocrx_word' id='word_1_13' title='bbox 552 726 584 788; x_wconf 90' lang='lat' dir='ltr'><strong>iu</strong></span> <span class='ocrx_word' id='word_1_14' title='bbox 606 725 659 813; x_wconf 79' lang='lat' dir='ltr'><strong>fig.</strong></span> <span class='ocrx_word' id='word_1_15' title='bbox 675 746 706 809; x_wconf 91' lang='lat' dir='ltr'><strong>p.</strong></span> <span class='ocrx_word' id='word_1_16' title='bbox 723 735 775 792; x_wconf 73' lang='lat'><strong>22.</strong></span> <span class='ocrx_word' id='word_1_17' title='bbox 792 740 823 793; x_wconf 86' lang='lat' dir='ltr'><strong>et</strong></span> <span class='ocrx_word' id='word_1_18' title='bbox 837 730 903 810; x_wconf 74' lang='lat'><strong>24.)</strong></span> <span class='ocrx_word' id='word_1_19' title='bbox 926 734 1045 796; x_wconf 88' lang='lat' dir='ltr'><strong>suntin</strong></span> <span class='ocrx_word' id='word_1_20' title='bbox 1061 733 1189 820; x_wconf 85' lang='lat' dir='ltr'><strong>singulis</strong></span> <span class='ocrx_word' id='word_1_21' title='bbox 1203 738 1361 820; x_wconf 84' lang='lat' dir='ltr'>particulis</span> 
     </span>
     <span class='ocr_line' id='line_1_3' title="bbox 70 828 1361 936; baseline 0.02 -46"><span class='ocrx_word' id='word_1_22' title='bbox 70 841 108 890; x_wconf 84' lang='lat' dir='ltr'><strong>ut</strong></span> <span class='ocrx_word' id='word_1_23' title='bbox 122 828 277 894; x_wconf 84' lang='lat' dir='ltr'><strong>distantiae</strong></span> <span class='ocrx_word' id='word_1_24' title='bbox 290 833 513 915; x_wconf 87' lang='lat' dir='ltr'><strong>particularum</strong></span> <span class='ocrx_word' id='word_1_25' title='bbox 527 859 546 898; x_wconf 87' lang='lat' dir='ltr'><strong>a</strong></span> <span class='ocrx_word' id='word_1_26' title='bbox 560 837 655 921; x_wconf 85' lang='lat' dir='ltr'><strong>plano</strong></span> <span class='ocrx_word' id='word_1_27' title='bbox 672 838 705 914; x_wconf 88' lang='lat' dir='ltr'>Q</span> <span class='ocrx_word' id='word_1_28' title='bbox 722 840 762 916; x_wconf 87' lang='lat' dir='ltr'><strong>R,</strong></span> <span class='ocrx_word' id='word_1_29' title='bbox 785 853 817 904; x_wconf 90' lang='lat' dir='ltr'><strong>et</strong></span> <span class='ocrx_word' id='word_1_30' title='bbox 836 840 884 904; x_wconf 92' lang='lat' dir='ltr'><strong>his</strong></span> <span class='ocrx_word' id='word_1_31' title='bbox 899 842 1015 906; x_wconf 87' lang='lat' dir='ltr'><strong>viribus</strong></span> <span class='ocrx_word' id='word_1_32' title='bbox 1036 844 1196 927; x_wconf 70' lang='lat' dir='ltr'><strong>particulae</strong></span> <span class='ocrx_word' id='word_1_33' title='bbox 1217 846 1279 912; x_wconf 85' lang='lat' dir='ltr'>illae</span> <span class='ocrx_word' id='word_1_34' title='bbox 1293 851 1361 936; x_wconf 82' lang='lat' dir='ltr'><strong>pla-</strong></span> 
     </span>
     <span class='ocr_line' id='line_1_4' title="bbox 69 938 1358 1048; baseline 0.021 -48"><span class='ocrx_word' id='word_1_35' title='bbox 69 957 147 1001; x_wconf 90' lang='lat' dir='ltr'><strong>num</strong></span> <span class='ocrx_word' id='word_1_36' title='bbox 157 938 279 1026; x_wconf 82' lang='lat' dir='ltr'><strong>fugiunt</strong></span> <span class='ocrx_word' id='word_1_37' title='bbox 287 965 296 1016; x_wconf 93' lang='lat'>;</span> <span class='ocrx_word' id='word_1_38' title='bbox 311 954 343 1006; x_wconf 89' lang='lat' dir='ltr'><strong>et</strong></span> <span class='ocrx_word' id='word_1_39' title='bbox 356 957 521 1028; x_wconf 85' lang='lat' dir='ltr'><strong>propterea</strong></span> <span class='ocrx_word' id='word_1_40' title='bbox 537 953 606 1032; x_wconf 90' lang='lat' dir='ltr'><strong>(per</strong></span> <span class='ocrx_word' id='word_1_41' title='bbox 622 947 711 1014; x_wconf 88' lang='lat' dir='ltr'><strong>Lem.</strong></span> <span class='ocrx_word' id='word_1_42' title='bbox 725 950 784 1032; x_wconf 89' lang='grc' dir='ltr'><strong>ΙΙ.)</strong></span> <span class='ocrx_word' id='word_1_43' title='bbox 798 952 823 1014; x_wconf 92' lang='lat' dir='ltr'><strong>si</strong></span> <span class='ocrx_word' id='word_1_44' title='bbox 838 954 967 1017; x_wconf 84' lang='lat' dir='ltr'><strong>materia</strong></span> <span class='ocrx_word' id='word_1_45' title='bbox 978 955 1084 1017; x_wconf 82' lang='lat' dir='ltr'><strong>annuli</strong></span> <span class='ocrx_word' id='word_1_46' title='bbox 1099 978 1155 1040; x_wconf 89' lang='lat' dir='ltr'><strong>per</strong></span> <span class='ocrx_word' id='word_1_47' title='bbox 1167 970 1263 1023; x_wconf 79' lang='lat' dir='ltr'><strong>totam</strong></span> <span class='ocrx_word' id='word_1_48' title='bbox 1271 963 1358 1048; x_wconf 87' lang='lat' dir='ltr'>globi</span> 
     </span>
     <span class='ocr_line' id='line_1_5' title="bbox 70 1051 618 1145; baseline 0.015 -31"><span class='ocrx_word' id='word_1_49' title='bbox 70 1051 270 1136; x_wconf 78' lang='lat' dir='ltr'><strong>superficiem</strong></span> <span class='ocrx_word' id='word_1_50' title='bbox 299 1054 332 1117; x_wconf 89' lang='lat' dir='ltr'><strong>in</strong></span> <span class='ocrx_word' id='word_1_51' title='bbox 357 1078 477 1119; x_wconf 89' lang='lat' dir='ltr'><strong>morem</strong></span> <span class='ocrx_word' id='word_1_52' title='bbox 507 1059 618 1145; x_wconf 84' lang='lat' dir='ltr'><strong>ligurae</strong></span> 
     </span>
     <span class='ocr_line' id='line_1_6' title="bbox 71 1161 616 1254; baseline 0.017 -28"><span class='ocrx_word' id='word_1_53' title='bbox 71 1161 616 1254; x_wconf 80' lang='lat' dir='ltr'><strong>PapAPepEadsuperiorem</strong></span> 
     </span>
     <span class='ocr_line' id='line_1_7' title="bbox 68 1267 618 1357; baseline 0.018 -26"><span class='ocrx_word' id='word_1_54' title='bbox 68 1267 155 1332; x_wconf 86' lang='lat' dir='ltr'><strong>illam</strong></span> <span class='ocrx_word' id='word_1_55' title='bbox 168 1270 278 1334; x_wconf 83' lang='lat' dir='ltr'><strong>Terrae</strong></span> <span class='ocrx_word' id='word_1_56' title='bbox 291 1284 413 1357; x_wconf 82' lang='lat' dir='ltr'><strong>partem</strong></span> <span class='ocrx_word' id='word_1_57' title='bbox 429 1275 618 1340; x_wconf 86' lang='lat' dir='ltr'><strong>constituen-</strong></span> 
     </span>
     <span class='ocr_line' id='line_1_8' title="bbox 68 1372 616 1464; baseline 0.013 -25"><span class='ocrx_word' id='word_1_58' title='bbox 68 1372 143 1439; x_wconf 84' lang='lat' dir='ltr'><strong>dum</strong></span> <span class='ocrx_word' id='word_1_59' title='bbox 154 1390 363 1464; x_wconf 72' lang='lat' dir='ltr'><strong>spargeretur,</strong></span> <span class='ocrx_word' id='word_1_60' title='bbox 380 1381 426 1444; x_wconf 78' lang='lat' dir='ltr'><strong>vis</strong></span> <span class='ocrx_word' id='word_1_61' title='bbox 437 1393 470 1444; x_wconf 89' lang='lat' dir='ltr'><strong>et</strong></span> <span class='ocrx_word' id='word_1_62' title='bbox 480 1383 616 1446; x_wconf 80' lang='lat' dir='ltr'><strong>efficacia</strong></span> 
     </span>
     <span class='ocr_line' id='line_1_9' title="bbox 68 1487 749 1589; baseline 0.015 -41"><span class='ocrx_word' id='word_1_63' title='bbox 68 1495 135 1549; x_wconf 75' lang='lat' dir='ltr'><strong>tote</strong></span> <span class='ocrx_word' id='word_1_64' title='bbox 159 1487 383 1569; x_wconf 67' lang='lat' dir='ltr'><strong>particulorum</strong></span> <span class='ocrx_word' id='word_1_65' title='bbox 408 1491 548 1554; x_wconf 88' lang='lat' dir='ltr'><strong>omnium</strong></span> <span class='ocrx_word' id='word_1_66' title='bbox 574 1492 615 1555; x_wconf 82' lang='lat' dir='ltr'><strong>ad</strong></span> <span class='ocrx_word' id='word_1_67' title='bbox 686 1535 693 1560; x_wconf 40' lang='lat'><strong>.1</strong></span> <span class='ocrx_word' id='word_1_68' title='bbox 722 1567 749 1589; x_wconf 39' lang='lat' dir='ltr'>v</span> 
     </span>
     <span class='ocr_line' id='line_1_10' title="bbox 37 1591 614 1685; baseline 0.012 -29"><span class='ocrx_word' id='word_1_69' title='bbox 37 1655 42 1668; x_wconf 81' lang='grc'>,</span> <span class='ocrx_word' id='word_1_70' title='bbox 67 1591 204 1658; x_wconf 78' lang='lat' dir='ltr'><strong>Terram</strong></span> <span class='ocrx_word' id='word_1_71' title='bbox 232 1596 479 1682; x_wconf 75' lang='lat' dir='ltr'><strong>cirm‘quamvis</strong></span> <span class='ocrx_word' id='word_1_72' title='bbox 510 1622 614 1685; x_wconf 82' lang='lat' dir='ltr'><strong>aequa·</strong></span> 
     </span>
     <span class='ocr_line' id='line_1_11' title="bbox 67 1701 614 1784; baseline 0.011 -20"><span class='ocrx_word' id='word_1_73' title='bbox 67 1701 145 1765; x_wconf 83' lang='lat' dir='ltr'><strong>toris</strong></span> <span class='ocrx_word' id='word_1_74' title='bbox 164 1701 351 1766; x_wconf 85' lang='lat' dir='ltr'><strong>diametrum</strong></span> <span class='ocrx_word' id='word_1_75' title='bbox 371 1705 545 1784; x_wconf 73' lang='lat' dir='ltr'><strong>rotundam,</strong></span> <span class='ocrx_word' id='word_1_76' title='bbox 568 1719 614 1770; x_wconf 80' lang='lat' dir='ltr'><strong>at-</strong></span> 
     </span>
     <span class='ocr_line' id='line_1_12' title="bbox 66 1809 675 1898; baseline 0.01 -25"><span class='ocrx_word' id='word_1_77' title='bbox 66 1830 130 1895; x_wconf 83' lang='lat' dir='ltr'><strong>que</strong></span> <span class='ocrx_word' id='word_1_78' title='bbox 154 1809 227 1875; x_wconf 74' lang='lat' dir='ltr'><strong>ideo</strong></span> <span class='ocrx_word' id='word_1_79' title='bbox 249 1811 290 1873; x_wconf 86' lang='lat' dir='ltr'><strong>ad</strong></span> <span class='ocrx_word' id='word_1_80' title='bbox 315 1813 469 1876; x_wconf 78' lang='lat' dir='ltr'><strong>movenda</strong></span> <span class='ocrx_word' id='word_1_81' title='bbox 498 1828 615 1898; x_wconf 85' lang='lat' dir='ltr'><strong>puncta</strong></span> <span class='ocrx_word' id='word_1_82' title='bbox 672 1812 675 1841; x_wconf 87' lang='lat'>¹</span> 
     </span>
     <span class='ocr_line' id='line_1_13' title="bbox 65 1916 613 2004; baseline 0.013 -25"><span class='ocrx_word' id='word_1_83' title='bbox 65 1916 306 2004; x_wconf 77' lang='lat' dir='ltr'><strong>aequiuoctialia,</strong></span> <span class='ocrx_word' id='word_1_84' title='bbox 337 1918 483 1984; x_wconf 83' lang='lat' dir='ltr'><strong>evaderet</strong></span> <span class='ocrx_word' id='word_1_85' title='bbox 511 1923 613 1986; x_wconf 90' lang='lat' dir='ltr'><strong>minor</strong></span> 
     </span>
     <span class='ocr_line' id='line_1_14' title="bbox 64 2023 611 2111; baseline 0.015 -26"><span class='ocrx_word' id='word_1_86' title='bbox 64 2023 159 2111; x_wconf 69' lang='lat' dir='ltr'><strong>qnim</strong></span> <span class='ocrx_word' id='word_1_87' title='bbox 179 2025 267 2109; x_wconf 88' lang='lat' dir='ltr'><strong>prius</strong></span> <span class='ocrx_word' id='word_1_88' title='bbox 288 2025 321 2088; x_wconf 90' lang='lat' dir='ltr'><strong>in</strong></span> <span class='ocrx_word' id='word_1_89' title='bbox 343 2027 500 2091; x_wconf 69' lang='lat' dir='ltr'><strong>rationed</strong></span> <span class='ocrx_word' id='word_1_90' title='bbox 523 2029 564 2092; x_wconf 88' lang='lat' dir='ltr'><strong>ad</strong></span> <span class='ocrx_word' id='word_1_91' title='bbox 582 2039 611 2095; x_wconf 79' lang='lat'><strong>5.</strong></span> 
     </span>
     <span class='ocr_line' id='line_1_15' title="bbox 63 2132 611 2220; baseline 0.016 -26"><span class='ocrx_word' id='word_1_92' title='bbox 63 2132 205 2219; x_wconf 76' lang='lat' dir='ltr'><strong>Ideoque</strong></span> <span class='ocrx_word' id='word_1_93' title='bbox 219 2154 342 2198; x_wconf 85' lang='lat' dir='ltr'><strong>annuus</strong></span> <span class='ocrx_word' id='word_1_94' title='bbox 353 2135 611 2220; x_wconf 63' lang='lat' dir='ltr'><strong>aequinoctiorum</strong></span> 
     </span>
     <span class='ocr_line' id='line_1_16' title="bbox 61 2245 610 2330; baseline 0.009 -24"><span class='ocrx_word' id='word_1_95' title='bbox 61 2246 301 2330; x_wconf 76' lang='lat' dir='ltr'><strong>regressusjom</strong></span> <span class='ocrx_word' id='word_1_96' title='bbox 314 2245 445 2310; x_wconf 85' lang='lat' dir='ltr'><strong>essetad</strong></span> <span class='ocrx_word' id='word_1_97' title='bbox 461 2252 536 2310; x_wconf 75' lang='lat'><strong>20⁸¹.</strong></span> <span class='ocrx_word' id='word_1_98' title='bbox 551 2248 610 2311; x_wconf 88' lang='lat' dir='ltr'><strong>ll‘.</strong></span> 
     </span>
     <span class='ocr_line' id='line_1_17' title="bbox 61 2352 610 2437; baseline 0 -21"><span class='ocrx_word' id='word_1_99' title='bbox 61 2353 134 2416; x_wconf 68' lang='lat' dir='ltr'><strong>W.</strong></span> <span class='ocrx_word' id='word_1_100' title='bbox 151 2365 187 2414; x_wconf 90' lang='lat' dir='ltr'><strong>ut</strong></span> <span class='ocrx_word' id='word_1_101' title='bbox 207 2361 248 2416; x_wconf 92' lang='lat'><strong>10</strong></span> <span class='ocrx_word' id='word_1_102' title='bbox 263 2352 304 2415; x_wconf 87' lang='lat' dir='ltr'><strong>ad</strong></span> <span class='ocrx_word' id='word_1_103' title='bbox 327 2358 455 2419; x_wconf 74' lang='lat'><strong>78092:</strong></span> <span class='ocrx_word' id='word_1_104' title='bbox 477 2375 515 2416; x_wconf 84' lang='lat' dir='ltr'><strong>oo</strong></span> <span class='ocrx_word' id='word_1_105' title='bbox 536 2374 610 2437; x_wconf 92' lang='lat' dir='ltr'><strong>pro-</strong></span> 
     </span>
     <span class='ocr_line' id='line_1_18' title="bbox 61 2439 490 2526; baseline 0.005 -4"><span class='ocrx_word' id='word_1_106' title='bbox 61 2458 137 2524; x_wconf 71' lang='lat' dir='ltr'><strong>nae</strong></span> <span class='ocrx_word' id='word_1_107' title='bbox 151 2459 242 2524; x_wconf 69' lang='lat' dir='ltr'><strong>fieret</strong></span> <span class='ocrx_word' id='word_1_108' title='bbox 255 2439 402 2525; x_wconf 56' lang='lat' dir='ltr'><strong>saram.</strong></span> <span class='ocrx_word' id='word_1_109' title='bbox 419 2459 490 2526; x_wconf 64' lang='lat' dir='ltr'><strong>sou.</strong></span> 
     </span>
     <span class='ocr_line' id='line_1_19' title="bbox 105 2569 611 2657; baseline 0.01 -25"><span class='ocrx_word' id='word_1_110' title='bbox 105 2569 267 2634; x_wconf 82' lang='lat' dir='ltr'><strong>Caeterum</strong></span> <span class='ocrx_word' id='word_1_111' title='bbox 291 2571 344 2634; x_wconf 91' lang='lat' dir='ltr'><strong>hic</strong></span> <span class='ocrx_word' id='word_1_112' title='bbox 368 2584 472 2636; x_wconf 87' lang='lat' dir='ltr'><strong>motus</strong></span> <span class='ocrx_word' id='word_1_113' title='bbox 503 2573 543 2657; x_wconf 75' lang='grc'><strong>(“)</strong></span> <span class='ocrx_word' id='word_1_114' title='bbox 569 2574 611 2637; x_wconf 91' lang='lat' dir='ltr'><strong>ob</strong></span> 
     </span>
    </p>
   </div>
   <div class='ocr_carea' id='block_1_3' title="bbox 58 2677 1460 2769">
    <p class='ocr_par' dir='ltr' id='par_1_3' title="bbox 58 2677 1460 2769">
     <span class='ocr_line' id='line_1_20' title="bbox 58 2677 1460 2769; baseline 0.004 -28"><span class='ocrx_word' id='word_1_115' title='bbox 58 2677 293 2743; x_wconf 68' lang='lat' dir='ltr'>inclinationem</span> <span class='ocrx_word' id='word_1_116' title='bbox 307 2680 475 2767; x_wconf 85' lang='lat' dir='ltr'><strong>oequatoris</strong></span> <span class='ocrx_word' id='word_1_117' title='bbox 489 2681 531 2744; x_wconf 89' lang='lat' dir='ltr'><strong>ad</strong></span> <span class='ocrx_word' id='word_1_118' title='bbox 546 2681 676 2765; x_wconf 83' lang='lat' dir='ltr'><strong>planum</strong></span> <span class='ocrx_word' id='word_1_119' title='bbox 691 2682 845 2767; x_wconf 85' lang='lat' dir='ltr'><strong>eclipticae</strong></span> <span class='ocrx_word' id='word_1_120' title='bbox 860 2681 1056 2760; x_wconf 89' lang='lat' dir='ltr'><strong>minuendus,</strong></span> <span class='ocrx_word' id='word_1_121' title='bbox 1080 2684 1173 2769; x_wconf 90' lang='lat' dir='ltr'><strong>idque</strong></span> <span class='ocrx_word' id='word_1_122' title='bbox 1188 2683 1220 2745; x_wconf 94' lang='lat' dir='ltr'><strong>in</strong></span> <span class='ocrx_word' id='word_1_123' title='bbox 1237 2683 1355 2747; x_wconf 86' lang='lat' dir='ltr'><strong>ratione</strong></span> <span class='ocrx_word' id='word_1_124' title='bbox 1457 2734 1460 2738; x_wconf 17' lang='lat' dir='ltr'><strong>a</strong></span> 
     </span>
    </p>
   </div>
   <div class='ocr_carea' id='block_1_4' title="bbox 58 2773 1352 2880">
    <p class='ocr_par' dir='ltr' id='par_1_4' title="bbox 58 2773 1352 2880">
     <span class='ocr_line' id='line_1_21' title="bbox 58 2773 1352 2880; baseline 0.003 -27"><span class='ocrx_word' id='word_1_125' title='bbox 58 2786 147 2853; x_wconf 72' lang='lat' dir='ltr'><strong>dats</strong></span> <span class='ocrx_word' id='word_1_126' title='bbox 160 2797 266 2857; x_wconf 83' lang='grc'><strong>91706</strong></span> <span class='ocrx_word' id='word_1_127' title='bbox 280 2792 348 2877; x_wconf 90' lang='lat' dir='ltr'><strong>(qui</strong></span> <span class='ocrx_word' id='word_1_128' title='bbox 362 2791 511 2865; x_wconf 79' lang='lat' dir='ltr'><strong>sinusest</strong></span> <span class='ocrx_word' id='word_1_129' title='bbox 526 2793 744 2876; x_wconf 89' lang='lat' dir='ltr'><strong>complementi</strong></span> <span class='ocrx_word' id='word_1_130' title='bbox 758 2773 914 2880; x_wconf 83' lang='lat' dir='ltr'><strong>graduum</strong></span> <span class='ocrx_word' id='word_1_131' title='bbox 926 2792 1012 2873; x_wconf 58' lang='grc'><strong>239.)</strong></span> <span class='ocrx_word' id='word_1_132' title='bbox 1028 2792 1069 2855; x_wconf 87' lang='lat' dir='ltr'><strong>ad</strong></span> <span class='ocrx_word' id='word_1_133' title='bbox 1084 2793 1205 2856; x_wconf 84' lang='lat' dir='ltr'><strong>radium</strong></span> <span class='ocrx_word' id='word_1_134' title='bbox 1217 2802 1352 2858; x_wconf 90' lang='grc'><strong>100000.</strong></span> 
     </span>
    </p>
   </div>
   <div class='ocr_carea' id='block_1_5' title="bbox 49 2901 1386 4822">
    <p class='ocr_par' dir='ltr' id='par_1_5' title="bbox 57 2901 1354 3096">
     <span class='ocr_line' id='line_1_22' title="bbox 59 2901 1354 2992; baseline -0.002 -24"><span class='ocrx_word' id='word_1_135' title='bbox 59 2901 135 2978; x_wconf 78' lang='lat' dir='ltr'><strong>Qut</strong></span> <span class='ocrx_word' id='word_1_136' title='bbox 158 2905 279 2968; x_wconf 86' lang='lat' dir='ltr'><strong>ratione</strong></span> <span class='ocrx_word' id='word_1_137' title='bbox 293 2917 397 2970; x_wconf 90' lang='lat' dir='ltr'><strong>motus</strong></span> <span class='ocrx_word' id='word_1_138' title='bbox 417 2906 475 2970; x_wconf 79' lang='lat' dir='ltr'><strong>iste</strong></span> <span class='ocrx_word' id='word_1_139' title='bbox 493 2909 559 2992; x_wconf 85' lang='lat' dir='ltr'><strong>jam</strong></span> <span class='ocrx_word' id='word_1_140' title='bbox 575 2906 629 2969; x_wconf 88' lang='lat' dir='ltr'><strong>fiet</strong></span> <span class='ocrx_word' id='word_1_141' title='bbox 643 2908 692 2971; x_wconf 87' lang='lat'><strong>9&#39;‘.</strong></span> <span class='ocrx_word' id='word_1_142' title='bbox 710 2907 769 2972; x_wconf 85' lang='lat'><em>7‘&#39;&#39;.</em></span> <span class='ocrx_word' id='word_1_143' title='bbox 785 2903 857 2970; x_wconf 55' lang='lat'><strong>20¹&amp;</strong></span> <span class='ocrx_word' id='word_1_144' title='bbox 904 2903 988 2968; x_wconf 83' lang='lat' dir='ltr'><strong>Haec</strong></span> <span class='ocrx_word' id='word_1_145' title='bbox 1002 2917 1049 2968; x_wconf 85' lang='lat' dir='ltr'><strong>est</strong></span> <span class='ocrx_word' id='word_1_146' title='bbox 1063 2927 1167 2968; x_wconf 81' lang='lat' dir='ltr'><strong>annun</strong></span> <span class='ocrx_word' id='word_1_147' title='bbox 1188 2905 1354 2988; x_wconf 81' lang='lat' dir='ltr'><strong>praecessio</strong></span> 
     </span>
     <span class='ocr_line' id='line_1_23' title="bbox 57 3010 652 3096; baseline 0.003 -24"><span class='ocrx_word' id='word_1_148' title='bbox 57 3010 318 3096; x_wconf 73' lang='lat' dir='ltr'><strong>oeqrrinoctr&#39;orum</strong></span> <span class='ocrx_word' id='word_1_149' title='bbox 333 3035 352 3075; x_wconf 87' lang='lat' dir='ltr'><strong>a</strong></span> <span class='ocrx_word' id='word_1_150' title='bbox 366 3013 396 3076; x_wconf 83' lang='lat' dir='ltr'><strong>vi</strong></span> <span class='ocrx_word' id='word_1_151' title='bbox 413 3012 495 3077; x_wconf 90' lang='lat' dir='ltr'><strong>Solis</strong></span> <span class='ocrx_word' id='word_1_152' title='bbox 510 3010 652 3076; x_wconf 80' lang='lat' dir='ltr'><strong>oriunda</strong></span> 
     </span>
    </p>

    <p class='ocr_par' dir='ltr' id='par_1_6' title="bbox 54 3115 1353 3859">
     <span class='ocr_line' id='line_1_24' title="bbox 103 3115 1346 3194; baseline 0 -16"><span class='ocrx_word' id='word_1_153' title='bbox 103 3115 161 3180; x_wconf 88' lang='lat' dir='ltr'><strong>Vis</strong></span> <span class='ocrx_word' id='word_1_154' title='bbox 176 3129 280 3182; x_wconf 88' lang='lat' dir='ltr'><strong>autem</strong></span> <span class='ocrx_word' id='word_1_155' title='bbox 298 3119 400 3182; x_wconf 85' lang='lat' dir='ltr'><strong>Lunae</strong></span> <span class='ocrx_word' id='word_1_156' title='bbox 414 3120 454 3183; x_wconf 81' lang='lat' dir='ltr'><strong>ad</strong></span> <span class='ocrx_word' id='word_1_157' title='bbox 470 3142 555 3183; x_wconf 86' lang='lat' dir='ltr'><strong>mure</strong></span> <span class='ocrx_word' id='word_1_158' title='bbox 570 3119 759 3183; x_wconf 89' lang='lat' dir='ltr'><strong>movendum</strong></span> <span class='ocrx_word' id='word_1_159' title='bbox 774 3131 841 3183; x_wconf 86' lang='lat' dir='ltr'><strong>erat</strong></span> <span class='ocrx_word' id='word_1_160' title='bbox 856 3118 897 3181; x_wconf 88' lang='lat' dir='ltr'><strong>ad</strong></span> <span class='ocrx_word' id='word_1_161' title='bbox 911 3119 974 3180; x_wconf 88' lang='lat' dir='ltr'><strong>vim</strong></span> <span class='ocrx_word' id='word_1_162' title='bbox 991 3116 1082 3194; x_wconf 89' lang='lat' dir='ltr'><strong>Solis,</strong></span> <span class='ocrx_word' id='word_1_163' title='bbox 1099 3131 1135 3181; x_wconf 92' lang='lat' dir='ltr'><strong>ut</strong></span> <span class='ocrx_word' id='word_1_164' title='bbox 1149 3126 1265 3181; x_wconf 79' lang='lat'>4.4815</span> <span class='ocrx_word' id='word_1_165' title='bbox 1278 3115 1346 3179; x_wconf 86' lang='lat' dir='ltr'><strong>adl</strong></span> 
     </span>
     <span class='ocr_line' id='line_1_25' title="bbox 57 3222 1353 3313; baseline -0.001 -25"><span class='ocrx_word' id='word_1_166' title='bbox 57 3222 192 3288; x_wconf 79' lang='lat' dir='ltr'><strong>circiter.</strong></span> <span class='ocrx_word' id='word_1_167' title='bbox 238 3225 277 3308; x_wconf 87' lang='lat'><strong>(⁰)</strong></span> <span class='ocrx_word' id='word_1_168' title='bbox 294 3224 337 3290; x_wconf 88' lang='lat' dir='ltr'><strong>Et</strong></span> <span class='ocrx_word' id='word_1_169' title='bbox 352 3227 398 3290; x_wconf 88' lang='lat' dir='ltr'><strong>vis</strong></span> <span class='ocrx_word' id='word_1_170' title='bbox 414 3228 515 3291; x_wconf 83' lang='lat' dir='ltr'><strong>Lunoe</strong></span> <span class='ocrx_word' id='word_1_171' title='bbox 530 3227 571 3290; x_wconf 81' lang='lat' dir='ltr'><strong>ad</strong></span> <span class='ocrx_word' id='word_1_172' title='bbox 586 3227 772 3313; x_wconf 85' lang='lat' dir='ltr'><strong>aequinoctie</strong></span> <span class='ocrx_word' id='word_1_173' title='bbox 786 3226 941 3289; x_wconf 86' lang='lat' dir='ltr'><strong>movenda</strong></span> <span class='ocrx_word' id='word_1_174' title='bbox 956 3239 1003 3289; x_wconf 87' lang='lat' dir='ltr'><strong>est</strong></span> <span class='ocrx_word' id='word_1_175' title='bbox 1017 3225 1058 3288; x_wconf 86' lang='lat' dir='ltr'><strong>ad</strong></span> <span class='ocrx_word' id='word_1_176' title='bbox 1074 3225 1134 3288; x_wconf 86' lang='lat' dir='ltr'><strong>vim</strong></span> <span class='ocrx_word' id='word_1_177' title='bbox 1159 3224 1239 3290; x_wconf 90' lang='lat' dir='ltr'><strong>Solis</strong></span> <span class='ocrx_word' id='word_1_178' title='bbox 1254 3225 1286 3286; x_wconf 93' lang='lat' dir='ltr'><strong>in</strong></span> <span class='ocrx_word' id='word_1_179' title='bbox 1301 3223 1353 3287; x_wconf 75' lang='lat' dir='ltr'><strong>eri·</strong></span> 
     </span>
     <span class='ocr_line' id='line_1_26' title="bbox 56 3329 1352 3420; baseline -0.002 -25"><span class='ocrx_word' id='word_1_180' title='bbox 56 3329 132 3395; x_wconf 85' lang='lat' dir='ltr'><strong>dem</strong></span> <span class='ocrx_word' id='word_1_181' title='bbox 154 3330 367 3415; x_wconf 82' lang='lat' dir='ltr'><strong>proportione.</strong></span> <span class='ocrx_word' id='word_1_182' title='bbox 413 3332 555 3420; x_wconf 86' lang='lat' dir='ltr'>Indeque</span> <span class='ocrx_word' id='word_1_183' title='bbox 576 3333 683 3417; x_wconf 88' lang='lat' dir='ltr'><strong>prodit</strong></span> <span class='ocrx_word' id='word_1_184' title='bbox 704 3354 808 3396; x_wconf 85' lang='lat' dir='ltr'><strong>annua</strong></span> <span class='ocrx_word' id='word_1_185' title='bbox 828 3332 1086 3419; x_wconf 77' lang='lat' dir='ltr'><strong>aequmoctiorum</strong></span> <span class='ocrx_word' id='word_1_186' title='bbox 1108 3332 1273 3416; x_wconf 87' lang='lat' dir='ltr'><strong>praecessio</strong></span> <span class='ocrx_word' id='word_1_187' title='bbox 1288 3354 1307 3393; x_wconf 86' lang='lat' dir='ltr'><strong>a</strong></span> <span class='ocrx_word' id='word_1_188' title='bbox 1321 3330 1352 3393; x_wconf 80' lang='lat' dir='ltr'><strong>vi</strong></span> 
     </span>
     <span class='ocr_line' id='line_1_27' title="bbox 56 3436 1351 3526; baseline -0.002 -24"><span class='ocrx_word' id='word_1_189' title='bbox 56 3436 162 3502; x_wconf 86' lang='lat' dir='ltr'><strong>Lunae</strong></span> <span class='ocrx_word' id='word_1_190' title='bbox 176 3437 310 3502; x_wconf 82' lang='lat' dir='ltr'><strong>oriunda</strong></span> <span class='ocrx_word' id='word_1_191' title='bbox 324 3441 396 3503; x_wconf 63' lang='lat'><strong>40⁶.</strong></span> <span class='ocrx_word' id='word_1_192' title='bbox 410 3441 491 3504; x_wconf 74' lang='lat' dir='ltr'><em>52m.</em></span> <span class='ocrx_word' id='word_1_193' title='bbox 505 3438 576 3504; x_wconf 56' lang='lat'><strong>52¹2</strong></span> <span class='ocrx_word' id='word_1_194' title='bbox 588 3462 624 3503; x_wconf 80' lang='lat' dir='ltr'><strong>ac</strong></span> <span class='ocrx_word' id='word_1_195' title='bbox 639 3451 704 3503; x_wconf 84' lang='lat' dir='ltr'><strong>tota</strong></span> <span class='ocrx_word' id='word_1_196' title='bbox 719 3440 885 3525; x_wconf 69' lang='lat' dir='ltr'><strong>praecessio</strong></span> <span class='ocrx_word' id='word_1_197' title='bbox 899 3462 1003 3503; x_wconf 83' lang='lat' dir='ltr'><strong>annua</strong></span> <span class='ocrx_word' id='word_1_198' title='bbox 1018 3463 1037 3502; x_wconf 86' lang='lat' dir='ltr'><strong>a</strong></span> <span class='ocrx_word' id='word_1_199' title='bbox 1052 3441 1082 3501; x_wconf 87' lang='lat' dir='ltr'><strong>vi</strong></span> <span class='ocrx_word' id='word_1_200' title='bbox 1099 3440 1229 3526; x_wconf 76' lang='lat' dir='ltr'><strong>utrique</strong></span> <span class='ocrx_word' id='word_1_201' title='bbox 1245 3439 1351 3502; x_wconf 89' lang='lat' dir='ltr'><strong>oriun-</strong></span> 
     </span>
     <span class='ocr_line' id='line_1_28' title="bbox 55 3546 1351 3638; baseline -0.001 -26"><span class='ocrx_word' id='word_1_202' title='bbox 55 3546 98 3612; x_wconf 81' lang='lat' dir='ltr'><strong>da</strong></span> <span class='ocrx_word' id='word_1_203' title='bbox 111 3549 184 3612; x_wconf 78' lang='lat'><strong><em>50¹¹.</em></strong></span> <span class='ocrx_word' id='word_1_204' title='bbox 200 3550 281 3612; x_wconf 88' lang='lat'>00&#39;&#39;‘.</span> <span class='ocrx_word' id='word_1_205' title='bbox 299 3546 371 3612; x_wconf 60' lang='lat'><strong>12²2</strong></span> <span class='ocrx_word' id='word_1_206' title='bbox 416 3549 459 3613; x_wconf 90' lang='lat' dir='ltr'><strong>Et</strong></span> <span class='ocrx_word' id='word_1_207' title='bbox 473 3549 525 3613; x_wconf 91' lang='lat' dir='ltr'><strong>hic</strong></span> <span class='ocrx_word' id='word_1_208' title='bbox 539 3563 643 3614; x_wconf 90' lang='lat' dir='ltr'><strong>motus</strong></span> <span class='ocrx_word' id='word_1_209' title='bbox 659 3573 729 3615; x_wconf 90' lang='lat' dir='ltr'><strong>cum</strong></span> <span class='ocrx_word' id='word_1_210' title='bbox 744 3550 959 3636; x_wconf 82' lang='lat' dir='ltr'><strong>phaenomenis</strong></span> <span class='ocrx_word' id='word_1_211' title='bbox 974 3552 1127 3638; x_wconf 81' lang='lat' dir='ltr'><strong>congruit</strong></span> <span class='ocrx_word' id='word_1_212' title='bbox 1173 3550 1255 3614; x_wconf 85' lang='lat' dir='ltr'><strong>Nam</strong></span> <span class='ocrx_word' id='word_1_213' title='bbox 1269 3572 1351 3634; x_wconf 84' lang='lat' dir='ltr'><strong>prae·</strong></span> 
     </span>
     <span class='ocr_line' id='line_1_29' title="bbox 54 3659 1350 3745; baseline -0.001 -24"><span class='ocrx_word' id='word_1_214' title='bbox 54 3659 156 3722; x_wconf 81' lang='lat' dir='ltr'><strong>cessio</strong></span> <span class='ocrx_word' id='word_1_215' title='bbox 171 3659 428 3745; x_wconf 84' lang='lat' dir='ltr'><strong>aequinoctiorum</strong></span> <span class='ocrx_word' id='word_1_216' title='bbox 443 3683 483 3724; x_wconf 83' lang='lat' dir='ltr'><strong>ex</strong></span> <span class='ocrx_word' id='word_1_217' title='bbox 498 3661 765 3725; x_wconf 84' lang='lat' dir='ltr'><strong>observationibus</strong></span> <span class='ocrx_word' id='word_1_218' title='bbox 781 3660 996 3725; x_wconf 83' lang='lat' dir='ltr'><strong>astronomicis</strong></span> <span class='ocrx_word' id='word_1_219' title='bbox 1011 3673 1058 3724; x_wconf 90' lang='lat' dir='ltr'><strong>est</strong></span> <span class='ocrx_word' id='word_1_220' title='bbox 1073 3661 1231 3724; x_wconf 82' lang='lat' dir='ltr'>annuatim</span> <span class='ocrx_word' id='word_1_221' title='bbox 1247 3659 1350 3721; x_wconf 88' lang='lat' dir='ltr'><strong>minu·</strong></span> 
     </span>
     <span class='ocr_line' id='line_1_30' title="bbox 55 3769 840 3859; baseline 0.001 -26"><span class='ocrx_word' id='word_1_222' title='bbox 55 3782 163 3833; x_wconf 90' lang='lat' dir='ltr'><strong>torum</strong></span> <span class='ocrx_word' id='word_1_223' title='bbox 178 3769 389 3834; x_wconf 87' lang='lat' dir='ltr'><strong>secundorum</strong></span> <span class='ocrx_word' id='word_1_224' title='bbox 403 3770 475 3854; x_wconf 90' lang='lat' dir='ltr'><strong>plus</strong></span> <span class='ocrx_word' id='word_1_225' title='bbox 489 3772 593 3835; x_wconf 76' lang='lat' dir='ltr'><strong>nunus</strong></span> <span class='ocrx_word' id='word_1_226' title='bbox 608 3771 840 3859; x_wconf 78' lang='lat' dir='ltr'><strong>quinquaginta</strong></span> 
     </span>
    </p>

    <p class='ocr_par' dir='ltr' id='par_1_7' title="bbox 51 3874 1347 4289">
     <span class='ocr_line' id='line_1_31' title="bbox 98 3874 1346 3962; baseline -0.001 -23"><span class='ocrx_word' id='word_1_227' title='bbox 98 3875 140 3959; x_wconf 71' lang='grc' dir='ltr'><strong>(Ρ)</strong></span> <span class='ocrx_word' id='word_1_228' title='bbox 159 3875 193 3939; x_wconf 89' lang='lat' dir='ltr'><strong>Si</strong></span> <span class='ocrx_word' id='word_1_229' title='bbox 214 3875 346 3938; x_wconf 82' lang='lat' dir='ltr'><strong>altitudo</strong></span> <span class='ocrx_word' id='word_1_230' title='bbox 369 3875 480 3940; x_wconf 85' lang='lat' dir='ltr'><strong>Terrae</strong></span> <span class='ocrx_word' id='word_1_231' title='bbox 495 3876 535 3940; x_wconf 84' lang='lat' dir='ltr'><strong>ad</strong></span> <span class='ocrx_word' id='word_1_232' title='bbox 550 3891 739 3962; x_wconf 86' lang='lat' dir='ltr'><strong>aequatorem</strong></span> <span class='ocrx_word' id='word_1_233' title='bbox 753 3889 880 3961; x_wconf 87' lang='lat' dir='ltr'><strong>superet</strong></span> <span class='ocrx_word' id='word_1_234' title='bbox 895 3874 1089 3940; x_wconf 78' lang='lat' dir='ltr'><strong>altitudinem</strong></span> <span class='ocrx_word' id='word_1_235' title='bbox 1105 3877 1170 3960; x_wconf 88' lang='lat' dir='ltr'><strong>ejus</strong></span> <span class='ocrx_word' id='word_1_236' title='bbox 1187 3875 1228 3938; x_wconf 85' lang='lat' dir='ltr'><strong>od</strong></span> <span class='ocrx_word' id='word_1_237' title='bbox 1246 3875 1346 3959; x_wconf 88' lang='lat' dir='ltr'><strong>polos,</strong></span> 
     </span>
     <span class='ocr_line' id='line_1_32' title="bbox 52 3984 1347 4072; baseline 0.001 -25"><span class='ocrx_word' id='word_1_238' title='bbox 52 3984 240 4049; x_wconf 80' lang='lat' dir='ltr'><strong>milliaribus</strong></span> <span class='ocrx_word' id='word_1_239' title='bbox 253 3985 397 4070; x_wconf 88' lang='lat' dir='ltr'><strong>pluribus</strong></span> <span class='ocrx_word' id='word_1_240' title='bbox 408 3985 502 4072; x_wconf 68' lang='lat' dir='ltr'><strong>quim</strong></span> <span class='ocrx_word' id='word_1_241' title='bbox 520 3991 590 4070; x_wconf 48' lang='lat'><strong>173,</strong></span> <span class='ocrx_word' id='word_1_242' title='bbox 606 3989 736 4052; x_wconf 84' lang='lat' dir='ltr'><strong>materia</strong></span> <span class='ocrx_word' id='word_1_243' title='bbox 750 3988 816 4071; x_wconf 88' lang='lat' dir='ltr'><strong>ejus</strong></span> <span class='ocrx_word' id='word_1_244' title='bbox 832 3986 932 4050; x_wconf 84' lang='lat' dir='ltr'><strong>rarior</strong></span> <span class='ocrx_word' id='word_1_245' title='bbox 942 3984 1001 4049; x_wconf 87' lang='lat' dir='ltr'><strong>erit</strong></span> <span class='ocrx_word' id='word_1_246' title='bbox 1014 3985 1055 4049; x_wconf 86' lang='lat' dir='ltr'><strong>ad</strong></span> <span class='ocrx_word' id='word_1_247' title='bbox 1068 3984 1347 4048; x_wconf 87' lang='lat' dir='ltr'><strong>circumferentiam</strong></span> 
     </span>
     <span class='ocr_line' id='line_1_33' title="bbox 51 4093 1347 4183; baseline -0.001 -25"><span class='ocrx_word' id='word_1_248' title='bbox 51 4093 149 4181; x_wconf 74' lang='lat' dir='ltr'><strong>qurim</strong></span> <span class='ocrx_word' id='word_1_249' title='bbox 176 4095 218 4159; x_wconf 93' lang='lat' dir='ltr'><strong>ad</strong></span> <span class='ocrx_word' id='word_1_250' title='bbox 243 4108 401 4160; x_wconf 87' lang='lat' dir='ltr'><strong>centrum:</strong></span> <span class='ocrx_word' id='word_1_251' title='bbox 437 4109 468 4160; x_wconf 90' lang='lat' dir='ltr'><strong>et</strong></span> <span class='ocrx_word' id='word_1_252' title='bbox 496 4098 662 4181; x_wconf 71' lang='lat' dir='ltr'><strong>praecessio</strong></span> <span class='ocrx_word' id='word_1_253' title='bbox 687 4097 946 4183; x_wconf 82' lang='lat' dir='ltr'><strong>aequinoctiorum</strong></span> <span class='ocrx_word' id='word_1_254' title='bbox 971 4095 1012 4159; x_wconf 94' lang='lat' dir='ltr'><strong>ob</strong></span> <span class='ocrx_word' id='word_1_255' title='bbox 1036 4093 1232 4158; x_wconf 78' lang='lat' dir='ltr'><strong>altitudinem</strong></span> <span class='ocrx_word' id='word_1_256' title='bbox 1260 4093 1347 4157; x_wconf 88' lang='lat' dir='ltr'><strong>illam</strong></span> 
     </span>
     <span class='ocr_line' id='line_1_34' title="bbox 51 4201 666 4289; baseline 0.002 -23"><span class='ocrx_word' id='word_1_257' title='bbox 51 4201 173 4289; x_wconf 82' lang='lat' dir='ltr'><strong>augeri,</strong></span> <span class='ocrx_word' id='word_1_258' title='bbox 189 4201 231 4266; x_wconf 94' lang='lat' dir='ltr'><strong>ob</strong></span> <span class='ocrx_word' id='word_1_259' title='bbox 246 4204 404 4268; x_wconf 83' lang='lat' dir='ltr'><strong>raritatem</strong></span> <span class='ocrx_word' id='word_1_260' title='bbox 419 4204 550 4268; x_wconf 90' lang='lat' dir='ltr'><strong>diminui</strong></span> <span class='ocrx_word' id='word_1_261' title='bbox 565 4204 666 4267; x_wconf 76' lang='lat' dir='ltr'><strong>debet.</strong></span> 
     </span>
    </p>

    <p class='ocr_par' dir='ltr' id='par_1_8' title="bbox 49 4370 1386 4822">
     <span class='ocr_line' id='line_1_35' title="bbox 84 4370 1345 4438; baseline -0.001 -17"><span class='ocrx_word' id='word_1_262' title='bbox 84 4371 123 4436; x_wconf 91' lang='grc'><strong>(“)</strong></span> <span class='ocrx_word' id='word_1_263' title='bbox 142 4375 155 4402; x_wconf 79' lang='lat'>⁸</span> <span class='ocrx_word' id='word_1_264' title='bbox 174 4373 206 4421; x_wconf 78' lang='lat' dir='ltr'><strong>Ob</strong></span> <span class='ocrx_word' id='word_1_265' title='bbox 216 4374 397 4422; x_wconf 60' lang='lat' dir='ltr'><strong>inclinationem,</strong></span> <span class='ocrx_word' id='word_1_266' title='bbox 435 4374 482 4421; x_wconf 83' lang='lat' dir='ltr'><strong>Pro</strong></span> <span class='ocrx_word' id='word_1_267' title='bbox 492 4374 575 4438; x_wconf 71' lang='lat' dir='ltr'><strong>mojori</strong></span> <span class='ocrx_word' id='word_1_268' title='bbox 586 4374 622 4421; x_wconf 82' lang='lat' dir='ltr'><strong>vel</strong></span> <span class='ocrx_word' id='word_1_269' title='bbox 633 4374 677 4420; x_wconf 88' lang='lat' dir='ltr'><strong>mi·</strong></span> <span class='ocrx_word' id='word_1_270' title='bbox 719 4383 824 4422; x_wconf 75' lang='lat' dir='ltr'><strong>accurate</strong></span> <span class='ocrx_word' id='word_1_271' title='bbox 842 4373 958 4420; x_wconf 85' lang='lat' dir='ltr'><strong>minuitur</strong></span> <span class='ocrx_word' id='word_1_272' title='bbox 973 4380 1052 4419; x_wconf 85' lang='lat' dir='ltr'><strong>motus</strong></span> <span class='ocrx_word' id='word_1_273' title='bbox 1070 4371 1110 4419; x_wconf 86' lang='lat' dir='ltr'><strong>ille</strong></span> <span class='ocrx_word' id='word_1_274' title='bbox 1128 4371 1153 4418; x_wconf 89' lang='lat' dir='ltr'><strong>in</strong></span> <span class='ocrx_word' id='word_1_275' title='bbox 1170 4370 1259 4420; x_wconf 70' lang='lat' dir='ltr'><strong>ratione</strong></span> <span class='ocrx_word' id='word_1_276' title='bbox 1279 4371 1345 4420; x_wconf 73' lang='lat' dir='ltr'><strong>sindo</strong></span> 
     </span>
     <span class='ocr_line' id='line_1_36' title="bbox 49 4436 1345 4501; baseline 0.002 -19"><span class='ocrx_word' id='word_1_277' title='bbox 49 4436 104 4483; x_wconf 73' lang='lat' dir='ltr'><strong>nori</strong></span> <span class='ocrx_word' id='word_1_278' title='bbox 111 4436 261 4484; x_wconf 78' lang='lat' dir='ltr'><strong>inclinatione</strong></span> <span class='ocrx_word' id='word_1_279' title='bbox 266 4436 330 4497; x_wconf 70' lang='lat' dir='ltr'><strong>ploni</strong></span> <span class='ocrx_word' id='word_1_280' title='bbox 338 4437 600 4500; x_wconf 77' lang='lat' dir='ltr'><strong>nqrmtorisndplanum</strong></span> <span class='ocrx_word' id='word_1_281' title='bbox 607 4439 677 4499; x_wconf 84' lang='lat' dir='ltr'><strong>oclip-</strong></span> <span class='ocrx_word' id='word_1_282' title='bbox 720 4443 806 4488; x_wconf 86' lang='grc'><strong>91706.</strong></span> <span class='ocrx_word' id='word_1_283' title='bbox 819 4439 859 4501; x_wconf 87' lang='lat' dir='ltr'><strong>qui</strong></span> <span class='ocrx_word' id='word_1_284' title='bbox 871 4438 936 4484; x_wconf 76' lang='lat' dir='ltr'><strong>sinuo</strong></span> <span class='ocrx_word' id='word_1_285' title='bbox 946 4447 981 4485; x_wconf 84' lang='lat' dir='ltr'><strong>est</strong></span> <span class='ocrx_word' id='word_1_286' title='bbox 991 4436 1155 4497; x_wconf 78' lang='lat' dir='ltr'><strong>complementi</strong></span> <span class='ocrx_word' id='word_1_287' title='bbox 1168 4438 1285 4500; x_wconf 77' lang='lat' dir='ltr'><strong>graduum</strong></span> <span class='ocrx_word' id='word_1_288' title='bbox 1296 4436 1345 4500; x_wconf 61' lang='lat'><strong>23}</strong></span> 
     </span>
     <span class='ocr_line' id='line_1_37' title="bbox 50 4501 1386 4566; baseline 0.001 -18"><span class='ocrx_word' id='word_1_289' title='bbox 50 4502 105 4548; x_wconf 67' lang='lat' dir='ltr'><strong>tice</strong></span> <span class='ocrx_word' id='word_1_290' title='bbox 115 4501 229 4547; x_wconf 88' lang='lat' dir='ltr'><strong>minorem</strong></span> <span class='ocrx_word' id='word_1_291' title='bbox 241 4517 291 4549; x_wconf 66' lang='lat' dir='ltr'><strong>ese</strong></span> <span class='ocrx_word' id='word_1_292' title='bbox 299 4502 336 4549; x_wconf 78' lang='lat' dir='ltr'><strong>vel</strong></span> <span class='ocrx_word' id='word_1_293' title='bbox 346 4504 459 4566; x_wconf 78' lang='lat' dir='ltr'><strong>mojorem</strong></span> <span class='ocrx_word' id='word_1_294' title='bbox 467 4519 598 4566; x_wconf 80' lang='lat' dir='ltr'><strong>regressum</strong></span> <span class='ocrx_word' id='word_1_295' title='bbox 605 4504 678 4565; x_wconf 66' lang='lat' dir='ltr'><strong>nqui-</strong></span> <span class='ocrx_word' id='word_1_296' title='bbox 719 4502 749 4550; x_wconf 81' lang='lat' dir='ltr'><strong>nd</strong></span> <span class='ocrx_word' id='word_1_297' title='bbox 760 4501 853 4549; x_wconf 88' lang='lat' dir='ltr'><strong>radium</strong></span> <span class='ocrx_word' id='word_1_298' title='bbox 868 4506 968 4550; x_wconf 83' lang='grc'><strong>100000.</strong></span> <span class='ocrx_word' id='word_1_299' title='bbox 1379 4519 1386 4535; x_wconf 65' lang='lat'>⁸</span> 
     </span>
     <span class='ocr_line' id='line_1_38' title="bbox 51 4564 1327 4630; baseline 0.002 -18"><span class='ocrx_word' id='word_1_300' title='bbox 51 4564 184 4612; x_wconf 85' lang='lat' dir='ltr'><strong>noctiorum</strong></span> <span class='ocrx_word' id='word_1_301' title='bbox 195 4575 297 4625; x_wconf 73' lang='lat' dir='ltr'><strong>paretes</strong></span> <span class='ocrx_word' id='word_1_302' title='bbox 309 4578 357 4614; x_wconf 87' lang='lat' dir='ltr'><strong>not.</strong></span> <span class='ocrx_word' id='word_1_303' title='bbox 374 4572 425 4615; x_wconf 89' lang='grc'><strong>101.</strong></span> <span class='ocrx_word' id='word_1_304' title='bbox 441 4567 495 4615; x_wconf 90' lang='lat' dir='ltr'>Lib.</span> <span class='ocrx_word' id='word_1_305' title='bbox 509 4569 586 4630; x_wconf 87' lang='lat' dir='ltr'><strong>hujus.</strong></span> <span class='ocrx_word' id='word_1_306' title='bbox 613 4567 679 4615; x_wconf 90' lang='lat' dir='ltr'><strong>Illud</strong></span> <span class='ocrx_word' id='word_1_307' title='bbox 752 4567 787 4627; x_wconf 71' lang='grc'><strong>(“)</strong></span> <span class='ocrx_word' id='word_1_308' title='bbox 800 4570 813 4597; x_wconf 72' lang='grc'><strong>*</strong></span> <span class='ocrx_word' id='word_1_309' title='bbox 827 4569 860 4615; x_wconf 81' lang='lat' dir='ltr'><strong>Et</strong></span> <span class='ocrx_word' id='word_1_310' title='bbox 871 4569 999 4615; x_wconf 73' lang='lat' dir='ltr'><strong>visLunae.</strong></span> <span class='ocrx_word' id='word_1_311' title='bbox 1035 4566 1103 4629; x_wconf 89' lang='lat' dir='ltr'><strong>(Cor.</strong></span> <span class='ocrx_word' id='word_1_312' title='bbox 1118 4571 1153 4613; x_wconf 82' lang='lat'><strong>18.</strong></span> <span class='ocrx_word' id='word_1_313' title='bbox 1169 4572 1205 4616; x_wconf 84' lang='lat'><strong>19.</strong></span> <span class='ocrx_word' id='word_1_314' title='bbox 1221 4566 1276 4614; x_wconf 84' lang='lat' dir='ltr'>Lib.</span> <span class='ocrx_word' id='word_1_315' title='bbox 1291 4565 1327 4628; x_wconf 90' lang='lat'><strong>1.)</strong></span> 
     </span>
     <span class='ocr_line' id='line_1_39' title="bbox 50 4628 1343 4693; baseline 0.001 -17"><span class='ocrx_word' id='word_1_316' title='bbox 50 4640 132 4676; x_wconf 69' lang='lat' dir='ltr'><strong>tutan</strong></span> <span class='ocrx_word' id='word_1_317' title='bbox 143 4628 318 4677; x_wconf 80' lang='lat' dir='ltr'><strong>decrementum</strong></span> <span class='ocrx_word' id='word_1_318' title='bbox 329 4632 454 4688; x_wconf 71' lang='lat' dir='ltr'><strong>ominem,</strong></span> <span class='ocrx_word' id='word_1_319' title='bbox 466 4633 486 4677; x_wconf 83' lang='lat' dir='ltr'><strong>si</strong></span> <span class='ocrx_word' id='word_1_320' title='bbox 497 4633 617 4679; x_wconf 78' lang='lat' dir='ltr'><strong>minuatur</strong></span> <span class='ocrx_word' id='word_1_321' title='bbox 627 4647 679 4678; x_wconf 91' lang='lat' dir='ltr'><strong>mo-</strong></span> <span class='ocrx_word' id='word_1_322' title='bbox 753 4630 787 4693; x_wconf 74' lang='lat'><strong>(⁹)</strong></span> <span class='ocrx_word' id='word_1_323' title='bbox 798 4634 811 4661; x_wconf 72' lang='lat'><strong>⁹</strong></span> <span class='ocrx_word' id='word_1_324' title='bbox 820 4633 845 4678; x_wconf 82' lang='lat' dir='ltr'><strong>Si</strong></span> <span class='ocrx_word' id='word_1_325' title='bbox 855 4633 952 4678; x_wconf 76' lang='lat' dir='ltr'><strong>altitudo</strong></span> <span class='ocrx_word' id='word_1_326' title='bbox 967 4630 1053 4678; x_wconf 77' lang='lat' dir='ltr'><strong>Tm.</strong></span> <span class='ocrx_word' id='word_1_327' title='bbox 1085 4628 1142 4686; x_wconf 77' lang='lat' dir='ltr'><strong>Qut</strong></span> <span class='ocrx_word' id='word_1_328' title='bbox 1151 4631 1213 4677; x_wconf 81' lang='lat' dir='ltr'><strong>enim</strong></span> <span class='ocrx_word' id='word_1_329' title='bbox 1224 4631 1293 4679; x_wconf 82' lang='lat' dir='ltr'><strong>altior</strong></span> <span class='ocrx_word' id='word_1_330' title='bbox 1300 4631 1343 4678; x_wconf 85' lang='lat' dir='ltr'><strong>erit</strong></span> 
     </span>
     <span class='ocr_line' id='line_1_40' title="bbox 50 4693 1343 4757; baseline 0 -16"><span class='ocrx_word' id='word_1_331' title='bbox 50 4704 90 4741; x_wconf 78' lang='lat' dir='ltr'><strong>tus</strong></span> <span class='ocrx_word' id='word_1_332' title='bbox 100 4694 126 4740; x_wconf 89' lang='lat' dir='ltr'><strong>in</strong></span> <span class='ocrx_word' id='word_1_333' title='bbox 137 4694 227 4741; x_wconf 79' lang='lat' dir='ltr'><strong>ratione</strong></span> <span class='ocrx_word' id='word_1_334' title='bbox 237 4694 302 4741; x_wconf 73' lang='lat' dir='ltr'><strong>ciniis</strong></span> <span class='ocrx_word' id='word_1_335' title='bbox 310 4695 678 4756; x_wconf 75' lang='lat' dir='ltr'><strong>complementiiuclinationisnd</strong></span> <span class='ocrx_word' id='word_1_336' title='bbox 720 4694 815 4741; x_wconf 82' lang='lat' dir='ltr'><strong>materie</strong></span> <span class='ocrx_word' id='word_1_337' title='bbox 830 4694 860 4742; x_wconf 73' lang='lat' dir='ltr'><strong>od</strong></span> <span class='ocrx_word' id='word_1_338' title='bbox 876 4704 1023 4756; x_wconf 71' lang='lat' dir='ltr'><strong>nquatorem,</strong></span> <span class='ocrx_word' id='word_1_339' title='bbox 1041 4693 1070 4741; x_wconf 79' lang='lat' dir='ltr'><strong>ed</strong></span> <span class='ocrx_word' id='word_1_340' title='bbox 1087 4694 1158 4741; x_wconf 81' lang='lat' dir='ltr'><strong>levior</strong></span> <span class='ocrx_word' id='word_1_341' title='bbox 1171 4697 1200 4742; x_wconf 88' lang='lat' dir='ltr'><strong>sit</strong></span> <span class='ocrx_word' id='word_1_342' title='bbox 1210 4705 1300 4757; x_wconf 85' lang='lat' dir='ltr'><strong>oportet</strong></span> <span class='ocrx_word' id='word_1_343' title='bbox 1315 4704 1343 4742; x_wconf 86' lang='lat' dir='ltr'><strong>ut</strong></span> 
     </span>
     <span class='ocr_line' id='line_1_41' title="bbox 49 4756 1341 4822; baseline 0.002 -18"><span class='ocrx_word' id='word_1_344' title='bbox 49 4757 151 4804; x_wconf 76' lang='lat' dir='ltr'><strong>radium.</strong></span> <span class='ocrx_word' id='word_1_345' title='bbox 188 4756 234 4805; x_wconf 78' lang='lat' dir='ltr'><strong>sed</strong></span> <span class='ocrx_word' id='word_1_346' title='bbox 254 4759 351 4818; x_wconf 73' lang='lat' dir='ltr'><strong>planum</strong></span> <span class='ocrx_word' id='word_1_347' title='bbox 370 4761 493 4822; x_wconf 66' lang='lat' dir='ltr'><strong>aquatoris</strong></span> <span class='ocrx_word' id='word_1_348' title='bbox 509 4761 633 4807; x_wconf 80' lang='lat' dir='ltr'><strong>inclinatur</strong></span> <span class='ocrx_word' id='word_1_349' title='bbox 649 4759 680 4806; x_wconf 84' lang='lat' dir='ltr'><strong>ad</strong></span> <span class='ocrx_word' id='word_1_350' title='bbox 720 4759 839 4806; x_wconf 78' lang='lat' dir='ltr'><strong>materiam</strong></span> <span class='ocrx_word' id='word_1_351' title='bbox 850 4773 904 4822; x_wconf 79' lang='lat' dir='ltr'><strong>que</strong></span> <span class='ocrx_word' id='word_1_352' title='bbox 914 4769 948 4804; x_wconf 76' lang='lat' dir='ltr'><strong>est</strong></span> <span class='ocrx_word' id='word_1_353' title='bbox 955 4773 1033 4805; x_wconf 78' lang='lat' dir='ltr'><strong>versus</strong></span> <span class='ocrx_word' id='word_1_354' title='bbox 1043 4759 1108 4819; x_wconf 81' lang='lat' dir='ltr'><strong>polos</strong></span> <span class='ocrx_word' id='word_1_355' title='bbox 1119 4758 1142 4805; x_wconf 89' lang='lat' dir='ltr'><strong>in</strong></span> <span class='ocrx_word' id='word_1_356' title='bbox 1151 4759 1279 4822; x_wconf 69' lang='lat' dir='ltr'><strong>equilibrio</strong></span> <span class='ocrx_word' id='word_1_357' title='bbox 1289 4774 1341 4820; x_wconf 78' lang='lat' dir='ltr'><strong>pos·</strong></span> 
     </span>
    </p>
   </div>
   <div class='ocr_carea' id='block_1_6' title="bbox 50 4822 1342 4952">
    <p class='ocr_par' dir='ltr' id='par_1_9' title="bbox 50 4822 1342 4952">
     <span class='ocr_line' id='line_1_42' title="bbox 50 4822 1342 4887; baseline 0.001 -18"><span class='ocrx_word' id='word_1_358' title='bbox 50 4823 148 4882; x_wconf 76' lang='lat' dir='ltr'><strong>planum</strong></span> <span class='ocrx_word' id='word_1_359' title='bbox 167 4822 280 4883; x_wconf 68' lang='lat' dir='ltr'><strong>ecliptica</strong></span> <span class='ocrx_word' id='word_1_360' title='bbox 296 4823 407 4885; x_wconf 75' lang='lat' dir='ltr'><strong>gradibus</strong></span> <span class='ocrx_word' id='word_1_361' title='bbox 425 4824 473 4887; x_wconf 68' lang='grc' dir='ltr'><strong>2δῇ</strong></span> <span class='ocrx_word' id='word_1_362' title='bbox 493 4824 590 4880; x_wconf 80' lang='lat' dir='ltr'><strong>circiter,</strong></span> <span class='ocrx_word' id='word_1_363' title='bbox 607 4823 678 4886; x_wconf 68' lang='lat' dir='ltr'><strong>quari</strong></span> <span class='ocrx_word' id='word_1_364' title='bbox 720 4824 750 4871; x_wconf 81' lang='lat' dir='ltr'><strong>sit</strong></span> <span class='ocrx_word' id='word_1_365' title='bbox 764 4825 882 4870; x_wconf 72' lang='lat' dir='ltr'><strong>sustinere.</strong></span> <span class='ocrx_word' id='word_1_366' title='bbox 917 4822 1035 4870; x_wconf 68' lang='lat' dir='ltr'><strong>Ceterum</strong></span> <span class='ocrx_word' id='word_1_367' title='bbox 1046 4823 1101 4884; x_wconf 75' lang='lat' dir='ltr'><strong>quia</strong></span> <span class='ocrx_word' id='word_1_368' title='bbox 1111 4823 1136 4869; x_wconf 90' lang='lat' dir='ltr'><strong>in</strong></span> <span class='ocrx_word' id='word_1_369' title='bbox 1146 4826 1219 4871; x_wconf 75' lang='lat' dir='ltr'><strong>tribus</strong></span> <span class='ocrx_word' id='word_1_370' title='bbox 1229 4839 1277 4872; x_wconf 91' lang='lat' dir='ltr'><strong>non</strong></span> <span class='ocrx_word' id='word_1_371' title='bbox 1287 4823 1342 4870; x_wconf 75' lang='lat' dir='ltr'><strong>satir</strong></span> 
     </span>
     <span class='ocr_line' id='line_1_43' title="bbox 50 4885 1340 4952; baseline 0 -18"><span class='ocrx_word' id='word_1_372' title='bbox 50 4885 107 4934; x_wconf 77' lang='lat' dir='ltr'><strong>tum</strong></span> <span class='ocrx_word' id='word_1_373' title='bbox 124 4897 202 4933; x_wconf 82' lang='lat' dir='ltr'><strong>motus</strong></span> <span class='ocrx_word' id='word_1_374' title='bbox 212 4887 405 4950; x_wconf 71' lang='lat' dir='ltr'><strong>equinomiorum</strong></span> <span class='ocrx_word' id='word_1_375' title='bbox 416 4888 443 4936; x_wconf 79' lang='lat' dir='ltr'><strong>at</strong></span> <span class='ocrx_word' id='word_1_376' title='bbox 454 4888 607 4946; x_wconf 70' lang='lat' dir='ltr'><strong>artissimos,</strong></span> <span class='ocrx_word' id='word_1_377' title='bbox 624 4889 679 4936; x_wconf 81' lang='lat' dir='ltr'><strong>satis</strong></span> <span class='ocrx_word' id='word_1_378' title='bbox 720 4887 842 4934; x_wconf 69' lang='lat' dir='ltr'><strong>laedendis</strong></span> <span class='ocrx_word' id='word_1_379' title='bbox 860 4887 1065 4935; x_wconf 76' lang='lat' dir='ltr'><strong>Dissertationibua</strong></span> <span class='ocrx_word' id='word_1_380' title='bbox 1082 4887 1136 4936; x_wconf 85' lang='lat' dir='ltr'><strong>Vol.</strong></span> <span class='ocrx_word' id='word_1_381' title='bbox 1152 4886 1205 4936; x_wconf 89' lang='lat' dir='ltr'>Ill.</span> <span class='ocrx_word' id='word_1_382' title='bbox 1219 4886 1340 4952; x_wconf 73' lang='lat' dir='ltr'><strong>adjunctio,</strong></span> 
     </span>
    </p>
   </div>
   <div class='ocr_carea' id='block_1_7' title="bbox 83 4973 743 5027">
    <p class='ocr_par' dir='ltr' id='par_1_10' title="bbox 83 4973 743 5027">
     <span class='ocr_line' id='line_1_44' title="bbox 83 4973 743 5027; baseline 0.008 -6"><span class='ocrx_word' id='word_1_383' title='bbox 83 4973 145 5021; x_wconf 69' lang='lat' dir='ltr'><strong>Von</strong></span> <span class='ocrx_word' id='word_1_384' title='bbox 178 4973 214 5022; x_wconf 82' lang='lat' dir='ltr'><strong>ll.</strong></span> <span class='ocrx_word' id='word_1_385' title='bbox 686 4973 743 5027; x_wconf 81' lang='lat' dir='ltr'><strong>Itk</strong></span> 
     </span>
    </p>
   </div>
   <div class='ocr_carea' id='block_1_8' title="bbox 0 0 1670 5692">
    <p class='ocr_par' dir='ltr' id='par_1_11' title="bbox 0 0 1670 5692">
     <span class='ocr_line' id='line_1_45' title="bbox 0 0 1670 5692; baseline 0 8"><span class='ocrx_word' id='word_1_386' title='bbox 0 0 1670 5692; x_wconf 95' lang='lat' dir='ltr'><strong> </strong></span> 
     </span>
    </p>
   </div>
  </div>
 </body>
</html>
