3330 5692
183 550 242 609 176
486 539 826 606 PHILOSOPHIAE
848 539 1122 608 NATURALIS
1155 540 1239 620 [Du
1251 539 1388 604 Mauo.
1400 541 1485 606 Srar.

178 712 294 776 nubem
313 731 380 775 esse
401 729 457 774 seu
472 731 619 794 vaporem
633 732 652 772 a
666 710 767 794 capite
781 722 912 774 cometae
928 710 1045 797 jugiter
1059 721 1251 798 surgentem
1268 723 1306 773 et
1320 710 1481 774 abeuntem

179 824 213 886 iu
234 834 337 909 partes
361 845 379 885 a
403 820 476 887 Sole
498 843 629 885 aversas.
676 820 796 905 Opinio
817 821 918 906 prima
933 841 1040 883 eorum
1055 834 1104 884 est
1118 821 1176 906 qui
1199 819 1357 883 nondum
1380 820 1479 885 imbau'

179 950 251 994 sunt
273 927 398 993 scientiis
420 951 526 993 rerum
547 929 729 1014 opticarum.
776 928 859 993 Nam
874 927 968 1013 jubar
984 926 1064 992 Solis
1084 928 1118 989 in
1133 926 1297 991 cubiculo
1319 926 1477 991 tenebroso

179 1063 243 1103 nou
266 1041 413 1116 cernitur,
435 1040 495 1103 nisi
510 1051 660 1125 quatenus
681 1040 737 1104 lux
751 1040 919 1105 reflectitur
933 1062 951 1104 e
965 1039 1131 1125 pulverum
1146 1053 1183 1105 et
1198 1039 1371 1104 firmorum
1391 1042 1475 1126 paru'-

179 1147 257 1212 culis
278 1170 337 1233 per
358 1149 461 1210 a'e'rem
484 1167 605 1230 semper
627 1147 845 1212 volitantibus:
869 1148 1001 1233 ideoque
1020 1148 1055 1211 in
1068 1150 1142 1211 aere
1158 1145 1263 1211 fumis
1280 1148 1472 1211 crassioribus

178 1256 292 1320 infecto
307 1257 499 1342 splendidius
513 1269 570 1333 est,
586 1269 619 1321 et
633 1236 755 1321 sensum
770 1255 880 1321 fortius
893 1256 982 1333 ferit;
997 1257 1030 1319 in
1045 1259 1118 1320 a'ere
1132 1255 1282 1320 clariore
1299 1257 1421 1321 tenuius
1432 1270 1471 1320 st

180 1382 211 1428 et
232 1364 346 1452 aegrits
369 1365 517 1429 sentitur:
541 1365 573 1427 in
596 1365 682 1428 coelis
704 1377 807 1428 autem
829 1365 895 1428 sine
916 1362 1044 1427 materiai
1065 1363 1258 1428 reflectente
1279 1363 1469 1428 nullumesae

179 1486 290 1558 potest.
335 1474 408 1537 Lux
432 1496 496 1537 nou
523 1474 660 1537 cernitur
685 1472 836 1558 quitenus
861 1473 895 1536 iu
914 1472 1026 1557 jubare
1049 1483 1106 1549 est,
1133 1471 1198 1535 sed
1225 1471 1389 1558 quitenus
1410 1472 1469 1536 iude

180 1581 349 1645 reflectitur
370 1581 410 1644 ad
430 1580 536 1644 oculos
555 1593 687 1643 nostros.
733 1580 816 1644 Nam
840 1579 918 1643 visio
942 1601 1007 1643 nou
1026 1578 1064 1642 fit
1081 1579 1144 1643 nisi
1166 1601 1231 1664 per
1248 1579 1363 1645 radios
1376 1582 1468 1667 quiin

182 1690 290 1755 oculos
309 1690 495 1777 impingunt.
541 1689 724 1776 Requiritur
744 1689 841 1776 igitur
854 1687 984 1752 materia
997 1687 1101 1774 aliqua
1115 1687 1297 1753 reflectens
1312 1690 1347 1752 in
1361 1690 1470 1776 regiam

182 1796 302 1874 caudae,
331 1818 372 1859 ne
401 1795 514 1860 coelum
539 1807 640 1859 totum
665 1795 733 1859 luce
762 1794 842 1859 Solis
866 1794 1052 1858 illustratum
1075 1793 1289 1860 uniformiter
1312 1796 1471 1882 splmdnt·

184 1903 302 1988 Opinio
324 1901 462 1965 secunda
474 1901 580 1965 multis
601 1902 751 1985 premitur
772 1901 1011 1965 difficultatibus.
1056 1900 1182 1965 Caudoe
1197 1924 1372 1990 nunquam
1389 1905 1472 1968 varie·

181 2026 297 2100 gantur
318 2010 492 2075 coloribus:
516 2010 569 2095 qui
590 2022 694 2074 tamen
716 2008 934 2074 refractiouum
956 2009 1058 2074 solent
1071 2032 1139 2074 esse
1164 2013 1309 2077 comites
1331 2013 1472 2098 insepara-

181 2120 268 2185 biles.
314 2119 387 2182 Lux
409 2118 544 2181 fixarum
566 2131 598 2181 et
617 2117 811 2202 planetarum
833 2119 977 2183 distincte
999 2119 1040 2184 ad
1060 2142 1119 2184 nos
1140 2124 1344 2188 transmissa
1360 2123 1472 2188 denua·

182 2242 260 2295 strat
273 2229 410 2294 medium
425 2228 550 2293 coeleste
565 2227 650 2292 nulli
665 2228 695 2291 vi
711 2228 871 2293 refractivi
885 2229 1011 2315 pollere.
1051 2230 1137 2294 Nam
1151 2231 1249 2316 quod
1265 2232 1394 2310 dicitur,
1407 2234 1473 2298 fixa

185 2336 226 2401 ab
249 2335 408 2424 AEgyptiis
433 2348 568 2399 cometas
594 2356 819 2422 nonnunquam
839 2336 920 2400 visas
941 2334 1045 2413 fuisse,
1071 2335 1115 2413 id,
1139 2339 1307 2424 quoniam
1333 2339 1472 2405 rarissimi

182 2445 342 2532 contingit,
372 2443 616 2508 adscribendum
652 2458 699 2508 est
733 2446 863 2509 nubium
892 2445 1070 2511 refractioni
1099 2445 1259 2514 fortuitae.
1334 2453 1468 2517 rm

183 2573 309 2637 quoque
332 2549 462 2614 radiatio
488 2563 519 2614 et
543 2551 719 2615 scintillatio
740 2551 781 2616 ad
806 2552 1005 2617 refractiones
1030 2565 1097 2617 tum
1116 2557 1298 2624 oculorum
1320 2573 1389 2626 tum
1405 2559 1469 2625 sitit

188 2658 311 2722 tremuli
327 2656 496 2721 relerendoe
511 2672 600 2721 sunt:
617 2659 732 2744 quippe
745 2681 817 2744 quae
831 2659 964 2724 admotis
978 2660 1069 2724 oculo
1083 2661 1272 2750 telescopiis
1288 2679 1469 2733 evanuerat

183 2769 276 2834 A'c'ris
300 2782 330 2832 et
354 2767 589 2833 ascendentium
609 2791 760 2856 vaporum
779 2783 914 2836 tremore
937 2772 983 2850 fit,
1006 2786 1041 2838 ut
1061 2774 1141 2838 radii
1165 2775 1265 2843 facile
1290 2781 1335 2847 de
1356 2793 1473 2869 uagum

184 2877 313 2963 pupillae
335 2878 435 2962 spatio
456 2899 512 2962 per
534 2879 617 2942 vices
643 2878 895 2965 detorqueantur,
914 2879 955 2945 de
980 2882 1089 2948 latiore
1110 2896 1223 2949 autem
1243 2888 1323 2953 vitri
1345 2887 1473 2974 olrieuivl

184 2985 329 3071 aperturi
353 2987 542 3071 neutiquam.
588 2986 667 3050 Inde
682 2987 828 3074 estquod
843 2989 1018 3053 scintillatio
1031 2991 1065 3053 in
1081 2992 1183 3075 priori
1205 3016 1288 3059 casu
1309 3008 1472 3084 generetun

184 3096 215 3156 iu
238 3094 408 3178 posteriore
431 3107 535 3156 autem
557 3107 672 3157 cesset:
697 3109 728 3158 et
743 3096 871 3159 cessatio
886 3097 918 3158 in
932 3098 1103 3182 posteriore
1119 3122 1198 3163 casu
1214 3101 1413 3167 demonstrat
1432 3126 1473 3165 re·

182 3204 322 3291 gularem
345 3204 607 3266 transmissionem
629 3204 706 3267 lucis
728 3226 785 3288 per
807 3206 902 3269 coelos
924 3205 990 3268 sine
1012 3208 1096 3269 omni
1120 3207 1320 3275 refractione
1336 3211 1472 3276 sensibili.

183 3315 233 3378 Ne
252 3313 320 3397 quis
329 3317 496 3380 contendat
510 3315 595 3400 quod
616 3314 724 3377 caudae
741 3337 804 3377 non
818 3316 936 3379 soleant
951 3316 1048 3379 videri
1070 3317 1102 3379 in
1118 3321 1266 3397 cometis,
1285 3320 1359 3385 otim
1375 3341 1470 3384 eorum

182 3430 238 3492 lux
254 3441 378 3489 nonest
393 3427 465 3489 satis
481 3425 581 3501 fortiS,
600 3426 671 3509 quia
687 3439 761 3489 tune
776 3425 854 3488 radii
869 3425 1043 3489 secundarii
1059 3448 1121 3488 non
1136 3427 1261 3493 habeut
1279 3431 1357 3493 satis
1371 3431 1471 3492 virium

183 3530 223 3593 ad
237 3531 343 3594 oculos
358 3531 537 3607 movendos,
554 3545 585 3594 et
602 3544 768 3615 propterea
783 3531 897 3595 caudas
909 3532 1043 3595 fixarum
1055 3554 1118 3594 nou
1130 3535 1240 3597 cerni:
1258 3536 1310 3619 (¹¹¹)
1322 3535 1470 3600 sciendum

183 3657 229 3706 est
244 3644 328 3728 quod
343 3644 399 3707 lux
414 3644 547 3707 fixarum
562 3644 632 3727 plus
648 3657 771 3707 centum
787 3645 904 3707 vicibus
919 3645 1025 3729 augeri
1039 3655 1142 3727 potest
1156 3645 1376 3710 mediantibus
1390 3646 1471 3710 teles-

183 3751 290 3835 copiis,
314 3773 371 3814 uec
394 3765 497 3814 tamen
519 3752 627 3814 caudae
650 3765 828 3814 cernuntur.
874 3752 1072 3814 Planetarum
1094 3774 1224 3836 quoque
1246 3754 1306 3817 lux
1327 3755 1471 3839 copiosior

183 3871 239 3933 est,
264 3857 371 3920 caudae
392 3857 467 3920 verb
489 3857 602 3919 nullae:
626 3872 755 3921 cometae
769 3871 873 3921 autem
890 3879 972 3941 saepe
988 3856 1199 3920 caudatissimi
1215 3874 1304 3937 sunt,
1328 3861 1383 3924 ubi
1397 3859 1471 3943 capi·

183 3984 249 4031 tum
271 3969 326 4031 lux
349 3969 448 4032 tenuis
471 3983 517 4032 est
538 3983 569 4032 et
589 3969 678 4032 valde
693 3970 813 4032 obtusa.
859 3970 910 4033 sic
926 3969 1007 4031 enim
1024 3981 1144 4031 cometa
1159 3972 1238 4031 anni
1258 3979 1358 4048 1680,
1374 3992 1471 4033 mense

187 4077 368 4152 Decembri,
390 4100 452 4161 quo
468 4092 606 4162 tempore
621 4093 714 4162 caput
727 4078 796 4141 luce
811 4076 864 4141 suti
880 4078 933 4139 vix
947 4077 1089 4162 aequabat
1104 4078 1210 4140 stellas
1227 4080 1379 4144 secundae
1392 4103 1471 4165 mag·

183 4187 340 4264 nundinis,
357 4189 486 4251 caudam
501 4190 660 4253 emittebat
675 4190 838 4274 splendore
853 4189 981 4252 notabili
996 4212 1093 4274 usque
1108 4190 1148 4253 ad
1163 4192 1287 4277 gradus
1304 4204 1359 4271 40,
1371 4204 1422 4271 50,
1434 4204 1470 4258 60

183 4295 230 4356 vel
247 4304 287 4363 70
304 4297 505 4384 longitudinis
521 4313 551 4360 et
566 4297 663 4361 ultrd:
687 4312 794 4381 postea
809 4299 879 4361 Jau.
896 4304 936 4364 27
950 4311 980 4359 et
996 4304 1035 4360 28
1049 4309 1142 4379 caput
1154 4302 1334 4383 apparebat
1345 4317 1380 4366 ut
1391 4301 1471 4366 stella

185 4402 322 4482 septimae
339 4416 458 4467 tantum
474 4405 706 4490 magnitudinis
730 4405 830 4467 cauda
852 4404 925 4467 verb
940 4404 1009 4466 luce
1025 4404 1151 4489 quidem
1165 4412 1318 4489 pertenui
1334 4410 1389 4473 sed
1406 4409 1469 4472 satis

187 4509 322 4572 sensibili
337 4511 430 4598 longa
451 4524 517 4575 erat
532 4520 562 4574 6.
579 4512 627 4574 vel
644 4520 672 4579 7.
689 4511 816 4598 gradus,
833 4526 864 4575 et
877 4512 946 4574 luce
962 4511 1197 4588 obscurissi1mi3
1226 4538 1302 4600 quae
1318 4518 1405 4581 cerni
1425 4515 1467 4576 rix

216 4672 256 4735 (¹¹¹)
272 4679 284 4703 ’
303 4679 423 4725 Sciendum
435 4687 473 4725 est.
511 4678 545 4725 Ut
561 4688 643 4724 notum
654 4689 688 4724 est
698 4692 726 4724 ex
739 4678 805 4724 telos·
838 4676 930 4722 visionis
949 4676 1096 4724 distinctioue
1114 4686 1138 4723 et
1155 4678 1341 4740 telesoopionrm
1362 4679 1468 4729 &addi

183 4737 302 4797 copiarum
313 4741 399 4787 theoriis
410 4741 559 4800 upudomnes
571 4743 653 4802 passim
662 4757 737 4788 rerum
747 4742 806 4801 opti-
838 4740 900 4786 dedit
915 4740 999 4790 clariss.
1010 4741 1045 4788 vir
1054 4742 1144 4790 Robert
1154 4743 1231 4791 Smith
1248 4746 1274 4791 in
1290 4749 1380 4795 eximia
1398 4746 1467 4806 Ομπ

183 4817 262 4847 carum
273 4815 295 4850 et
308 4805 483 4863 catoptricarum
495 4807 620 4867 scriptores.
641 4806 687 4853 Sed
698 4821 725 4851 ea
736 4805 806 4865 potis-
840 4805 931 4865 optioa

183 4865 268 4914 dmum
284 4868 330 4931 legi
346 4878 464 4917 merentur
479 4885 531 4931 quae
546 4870 576 4918 de
592 4869 650 4918 lucis
666 4871 804 4927 intensitate,
