3330 5692
270 529 345 593 xxvi
749 527 1085 595 INTRODUCTIO
1397 525 1499 605 [Car.
1516 524 1564 594 11.

270 701 360 766 Hinc
389 698 464 766 verti
493 702 633 786 sequitur
662 701 772 766 sideris
801 703 833 766 in
863 703 978 767 vertice
1009 703 1046 780 Z,
1077 701 1236 767 eonstituti
1266 697 1455 785 parallaxim
1488 721 1564 766 esee

268 809 397 887 nullam,
425 809 557 874 eandem
582 832 721 876 crescere
745 834 816 877 cum
842 812 988 878 distantiis
1014 836 1035 877 a
1058 813 1174 877 vertice
1197 824 1229 876 et
1249 811 1284 875 in
1304 809 1468 875 horizonte
1488 810 1564 875 fieri

270 917 449 982 maximam.
511 917 659 1004 Sequitur
685 924 810 1006 quoque
841 920 928 984 sinus
956 919 1164 1006 parallaxium
1188 919 1223 983 in
1248 917 1377 1004 paribus
1402 916 1516 982 sideris
1544 940 1566 982 a

270 1038 379 1090 senno
404 1037 497 1089 terroe
519 1024 672 1090 distantiis
695 1049 763 1090 esse
783 1039 819 1092 nt
840 1028 926 1092 sinus
947 1027 1163 1092 distantiarum
1186 1026 1323 1090 visarum
1340 1047 1360 1087 a
1379 1024 1507 1102 vertice,
1531 1039 1567 1090 et

270 1132 342 1198 ided
356 1133 383 1197 si
397 1133 488 1199 detur
501 1134 668 1219 parallaxis
684 1134 794 1205 sideris
808 1135 842 1199 in
857 1133 960 1222 aliqui
975 1136 1123 1200 avertice
1137 1133 1294 1212 distantii,
1310 1131 1437 1197 dabimr
1451 1133 1484 1197 in
1494 1133 1561 1201 alii

270 1239 379 1327 quiris
393 1239 540 1305 distantia
556 1263 575 1304 a
590 1240 715 1305 vertice.

274 3465 279 3475 '
321 3475 372 3531 31.
397 3465 480 3531 Dani
507 3465 616 3529 sideris
641 3464 684 3541 Q,
711 3464 864 3549 parallaxi
888 3464 920 3528 A
943 3463 976 3540 Q
998 3463 1039 3539 T,
1063 3484 1135 3526 cum
1157 3461 1274 3550 angulo
1298 3461 1371 3526 ΖΑ
1387 3460 1417 3524 V
1432 3482 1487 3524 seu
1501 3460 1567 3525 dis·

277 3573 373 3638 tantisl
399 3586 569 3658 apparente
594 3596 614 3636 a
637 3572 761 3648 vertice,
785 3572 931 3636 daturin
956 3569 1192 3634 semidiametris
1218 3580 1310 3632 terrae
1330 3581 1397 3631 tum
1416 3567 1566 3633 distantia

279 3681 361 3757 QT
382 3682 491 3746 sideris
515 3680 549 3758 Q
570 3705 589 3744 a
610 3694 718 3744 centro
738 3694 840 3767 terrae,
858 3693 924 3742 turn
940 3677 1084 3743 distantia
1095 3677 1161 3761 ejus
1177 3677 1206 3740 A
1225 3674 1291 3750 Qa
1306 3673 1376 3737 loco
1392 3675 1432 3737 A.
1478 3674 1567 3740 Dato

278 3789 361 3852 enim
384 3790 500 3880 angulo
524 3789 550 3854 Z
566 3790 595 3852 A
612 3789 645 3864 Q
668 3787 760 3851 datur
781 3787 814 3852 T
829 3787 861 3851 A
877 3786 910 3862 Q
925 3785 1187 3870 complementum
1203 3782 1285 3844 illius
1300 3780 1341 3844 ad
1355 3780 1435 3844 duos
1452 3794 1568 3858 rectos,

278 3895 372 3973 undd,
400 3897 441 3961 ob
468 3897 577 3961 datum
599 3896 692 3959 etiarn
718 3893 870 3981 angulum
895 3895 927 3956 A
952 3891 985 3968 Q
1005 3891 1047 3968 T,
1069 3890 1184 3954 dantur
1207 3902 1269 3952 tres
1291 3887 1399 3976 anguli
1418 3888 1569 3976 trianguli

280 4003 361 4079 QA
376 4002 417 4079 T,
440 4003 612 4090 exquibus
631 4002 724 4066 datur
747 4001 827 4065 ratio
848 3999 981 4063 laterum
1006 4001 1089 4063 inter
1110 4019 1153 4059 se.
1199 3997 1287 4061 Hinc
1311 3995 1383 4059 dau
1406 3995 1518 4060 sideris
1542 3998 1572 4062 P

279 4111 432 4196 parallaxi
446 4112 641 4190 horizontali,
657 4113 684 4176 si
698 4110 848 4175 inferatur
864 4125 899 4174 ut
913 4112 999 4175 sinus
1014 4107 1209 4196 parallaxeos
1225 4107 1265 4170 ad
1280 4108 1383 4170 sinum
1397 4118 1509 4184 totum,
1526 4106 1571 4173 itti

278 4221 506 4286 semidiameter
520 4223 640 4287 telluris
656 4223 686 4285 A
702 4221 735 4286 T
748 4220 790 4284 nd
804 4234 949 4306 quartum
964 4217 1157 4285 obtinebitur
1171 4217 1320 4282 distantia
1336 4219 1363 4283 P
1379 4217 1411 4283 Τ
1425 4216 1537 4282 sideris
1551 4242 1571 4282 a

279 4346 388 4394 centro
403 4343 495 4393 terrae
510 4330 552 4393 ob
567 4331 718 4419 angulum
733 4329 765 4395 T
780 4330 811 4394 A
829 4330 856 4394 P
870 4343 999 4394 rectum.

324 4449 376 4507 82.
401 4441 494 4507 Sinus
516 4441 718 4526 parallaxeon
740 4440 878 4504 siderum
902 4438 936 4516 Q
956 4451 988 4503 et
1011 4462 1031 4526 q
1051 4440 1085 4502 in
1106 4438 1280 4526 equalibus
1300 4436 1454 4502 distantiis
1476 4459 1576 4522 appa·

279 4548 420 4613 rentibus
443 4572 462 4611 a
482 4548 610 4624 vertice,
631 4549 752 4613 suntin
768 4548 890 4611 ratione
905 4547 1067 4631 reciproci
1083 4547 1301 4612 distantiarum
1316 4546 1452 4611 siderum
1467 4569 1487 4609 a
1501 4568 1576 4610 cen-

279 4671 332 4722 tro
345 4671 446 4721 terrae.
494 4655 620 4720 Etenim
636 4670 670 4719 ut
685 4657 773 4721 sinus
786 4654 983 4742 parallaxeos
1000 4657 1031 4718 A
1046 4653 1080 4731 Q
1095 4654 1137 4732 T,
1153 4655 1192 4719 ad
1209 4656 1311 4718 sinum
1327 4651 1436 4740 anguli
1452 4651 1521 4716 ΖΑ
1534 4652 1575 4730 V,

281 4766 326 4831 its
347 4779 396 4831 est
417 4765 449 4829 A
464 4763 496 4828 T
517 4763 557 4829 ad
581 4763 614 4839 Q
637 4763 669 4829 T
690 4776 721 4828 et
745 4779 779 4829 ut
801 4765 886 4828 sinus
909 4761 1015 4851 anguli
1037 4761 1063 4827 Z
1080 4764 1110 4826 A
1126 4763 1167 4839 V,
1193 4761 1233 4826 ad
1256 4760 1357 4824 sinum
1381 4757 1581 4844 parallaxeos
