3330 5692
181 539 282 605 mvi
549 537 743 611 INTROD·
767 540 833 607 AD
855 539 994 607 TERT.
1016 540 1107 609 LIB.
1288 543 1388 622 [err.
1403 539 1470 610 111.

180 707 286 772 medio
307 708 349 773 ad
370 708 475 774 locum
499 710 580 775 solie
601 711 841 788 inveniendum
870 710 943 777 crim
968 713 1053 777 enim
1077 724 1202 799 tempus
1227 735 1383 799 apperens
1407 737 1472 783 non

179 816 313 882 multum
328 815 451 880 differat
465 839 485 879 a
498 829 640 903 tempore
653 819 767 897 medio,
791 819 967 885 differentia
980 820 1063 885 inter
1077 820 1291 888 asoensionem
1305 834 1427 887 rectam
1440 835 1473 890 et

180 924 409 1013 longitudinem
430 924 567 990 mediam
590 925 672 993 Solis
695 940 742 990 est
763 949 859 1013 quam
879 926 1024 1013 proxime
1044 927 1165 1005 eadem,
1189 926 1254 992 sive
1273 949 1332 1013 per
1346 941 1472 1016 tempus

180 1035 329 1112 medium,
346 1034 411 1099 sive
425 1057 484 1120 per
498 1049 622 1122 tempus
637 1058 791 1122 apperens
805 1037 991 1123 inquiretur.

224 1152 276 1213 47.
298 1144 371 1211 Jam
385 1143 461 1210 verb
475 1146 501 1209 si
516 1157 657 1230 tempore
672 1146 780 1232 quovis
796 1160 966 1233 apparente
980 1145 1163 1211 observetur
1179 1144 1261 1210 Solis
1276 1145 1421 1211 asoensio
1440 1157 1473 1212 et

180 1253 347 1344 longitudo
366 1278 451 1332 vern,
474 1254 609 1341 indeque
631 1266 759 1319 eruetur
781 1255 879 1340 ipsius
898 1253 1064 1343 longitudo
1085 1251 1190 1319 medie
1205 1253 1274 1337 (44)
1291 1275 1328 1317 eo
1347 1266 1472 1339 tempus

180 1388 335 1451 apparens
360 1376 558 1431 eonvertatur
582 1364 616 1428 in
640 1374 764 1449 tempus
788 1364 928 1431 medium
952 1365 1021 1450 (47)
1045 1362 1230 1428 habebimus
1255 1361 1363 1429 locum
1388 1362 1473 1429 Solis

180 1475 320 1541 medium
333 1495 392 1558 pro
406 1472 481 1537 dato
491 1472 641 1557 temporis
655 1471 751 1536 medii
764 1487 935 1551 momento,
947 1485 979 1536 et
988 1471 1040 1537 hic
1054 1470 1142 1537 locus
1153 1470 1214 1534 erit
1224 1468 1316 1534 radix
1327 1483 1472 1535 motuum

183 1581 274 1658 Solis,
298 1592 492 1647 momentum
513 1577 590 1645 verb
609 1578 760 1665 temporis
775 1578 871 1642 modii
885 1579 995 1646 datum
1010 1578 1131 1664 epocha
1145 1589 1323 1663 temporum
1339 1600 1471 1664 compu-

52 1760 54 1764 .
180 1685 368 1763 teudorum3
397 1685 509 1773 quibus
531 1684 626 1753 semel
649 1685 823 1755 constitutis
848 1684 890 1749 ad
915 1685 1078 1772 quodlibet
1102 1684 1190 1750 uliud
1210 1684 1320 1751 datum
1345 1697 1471 1772 tempus

179 1795 320 1861 medium
344 1795 394 1863 rel
417 1818 570 1881 apperens
595 1795 728 1864 inveniri
748 1795 864 1881 poterit
883 1795 970 1861 locus
995 1795 1077 1862 Solis
1104 1818 1196 1861 verus
1221 1795 1272 1860 vel
1292 1794 1417 1861 medius
1436 1796 1471 1862 in

183 1904 325 1990 eclipticd
349 1916 381 1969 et
406 1902 525 1971 contri.
571 1905 785 1990 Exposuimus
806 1906 873 1990 jam
899 1905 970 1991 (44)
995 1905 1154 1992 quomodd
1178 1905 1267 1972 locus
1290 1904 1374 1972 Solis
1396 1904 1472 1971 dato

181 2022 321 2096 tempore
342 2010 447 2076 medio
461 2011 644 2098 inquiratur.
690 2012 725 2079 Si
738 2012 847 2076 datum
862 2013 902 2078 sit
918 2025 1041 2099 tempus
1056 2036 1223 2099 apparens,
1238 2013 1302 2078 hoo
1315 2025 1470 2100 tanquam

179 2127 305 2203 tempus
326 2117 466 2209 medium
484 2130 652 2203 usurpetur
666 2130 699 2183 et
713 2131 872 2204 quaerstur
885 2118 974 2189 locus
990 2119 1073 2185 Solis
1087 2142 1179 2186 verus
1193 2119 1268 2187 huie
1281 2100 1470 2206 correspon-

182 2225 262 2290 dens
293 2227 381 2310 (44);
419 2225 532 2290 deinde
560 2225 750 2314 longitudini
780 2226 862 2293 Solis
887 2228 932 2292 sic
957 2229 1093 2295 inventoe
1114 2241 1238 2296 tantum
1261 2229 1468 2319 longitudinis

180 2333 315 2401 addatur
336 2333 386 2400 rel
405 2333 550 2401 dematur
565 2347 715 2421 quantum
734 2335 883 2420 temporis
898 2336 1067 2423 mquationi
1081 2336 1213 2403 debetur
1227 2349 1261 2405 et
1273 2334 1318 2401 itt
1330 2336 1471 2423 prodibit

179 2443 268 2511 locus
288 2444 370 2511 Solis
387 2445 523 2531 tempori
537 2444 701 2531 apparenti
714 2444 918 2530 respondens.
964 2445 1070 2511 Facile
1083 2457 1132 2511 est
1146 2467 1188 2511 ex
1201 2445 1293 2511 dictis
1306 2445 1470 2531 problema

180 2553 338 2619 inversum
359 2552 489 2631 solvere,
512 2575 569 2618 seu
585 2575 627 2617 ex
640 2552 715 2617 dato
727 2552 799 2616 looo
815 2552 897 2618 Solis
911 2552 1018 2617 medio
1032 2565 1088 2618 ant
1101 2575 1177 2618 vero
1191 2565 1315 2639 tempus
1328 2553 1471 2621 modium

180 2676 235 2728 eut
248 2685 402 2749 apparens
416 2662 491 2727 huic
509 2663 591 2729 Solis
604 2662 676 2726 looo
690 2660 884 2747 respondens
899 2662 1048 2727 invenire.

223 2782 275 2839 48.
300 2772 369 2838 Nec
388 2794 468 2857 opus
489 2784 538 2838 est
558 2784 595 2836 ut
607 2793 791 2837 moneamus
804 2769 931 2836 essdem
945 2792 1013 2836 esse
1026 2782 1172 2836 motuum
1184 2769 1359 2835 ooelesu‘um
1373 2790 1469 2855 eppa·

179 2879 305 2956 rentias,
328 2879 393 2944 sive
414 2877 530 2944 ooelum
551 2899 645 2944 omne
665 2899 739 2943 oum
761 2876 859 2944 stellis
880 2874 964 2943 circii
976 2876 1121 2944 tellurem
1137 2888 1226 2942 motu
1239 2876 1355 2941 diurno
1369 2875 1470 2943 revul-

179 3000 270 3053 ratur
291 2988 332 3053 ab
354 2990 475 3055 oriente
496 2989 530 3054 in
550 2988 756 3067 occidentem,
779 2988 845 3053 sive
865 3000 951 3055 terra
971 2985 1055 3054 cirod
1067 2987 1232 3074 proprium
1246 3008 1339 3050 axem
1355 2983 1468 3051 eodem

180 3108 321 3182 tempore
344 3098 384 3161 ab
410 3096 572 3163 oocidente
597 3098 631 3162 in
657 3110 811 3163 orientem
832 3097 972 3162 eonverti
996 3109 1191 3182 supponatur
1214 3096 1346 3161 immoto
1367 3095 1468 3173 welo3

183 3203 248 3272 eive
270 3206 362 3272 etiam
383 3217 468 3272 terra
481 3206 611 3273 immota
623 3219 749 3270 maneat
763 3216 796 3269 et
812 3204 867 3270 Sol
879 3205 1010 3290 proprio
1024 3216 1113 3269 moos
1127 3203 1167 3269 ab
1181 3225 1294 3269 ocoasu
1308 3202 1351 3267 ed
1365 3214 1469 3268 ortum

181 3313 308 3394 feratur,
332 3337 388 3381 seu
409 3316 492 3381 circa
510 3313 616 3381 Solem
636 3315 804 3379 immotum
824 3325 909 3378 terra
922 3326 1010 3379 motu
1026 3336 1131 3380 annuo
1151 3313 1415 3380 circumvolvatur
1435 3315 1468 3380 in

181 3422 334 3511 ecliptied.
393 3424 478 3489 Nam
498 3423 530 3487 in
553 3422 687 3510 utrdque
709 3422 924 3508 suppositione
944 3421 1088 3488 diametri
1108 3437 1294 3509 apparentes
1308 3435 1341 3490 et
1353 3422 1469 3490 veloci·

181 3547 261 3602 tates
275 3532 412 3601 relative
426 3544 500 3599 sunt
518 3531 647 3600 easdem.
