3330 5692
202 512 265 569 266
447 505 714 591 INQUISITIO
737 506 942 574 PHYSICA
963 509 1015 575 IN
1038 511 1235 579 caUSAM

200 726 370 846 maximum
384 725 459 791 verb
478 727 703 792 incrementum
721 759 756 783 =
773 694 943 854 700÷0w3
974 731 1059 798 unde
1080 754 1229 800 numerus
1251 737 1488 804 oedlhtionum

198 895 337 979 ejusdem
357 894 486 979 penduli
507 896 618 962 eodem
640 909 780 982 tempore
805 898 969 979 editarum,
996 901 1051 966 illo
1075 925 1150 968 casu
1175 906 1233 970 erit
1258 919 1296 970 ut
1325 907 1359 970 e‘
1385 911 1419 993 (l
1443 946 1487 960 -

602 1016 615 1071 l

196 1012 685 1178 mmm—M
713 1024 1484 1184 hocverdcasuute‘sslfflg—o-ooheull·

272 1219 285 1274 1

195 1293 379 1381 MT

191 1435 269 1503 porc
283 1422 506 1506 absolutarum,
524 1427 595 1495 crim
609 1431 744 1519 gravitas
758 1433 895 1499 maxime
909 1447 956 1499 est
969 1434 1131 1516 diminuta,
1146 1450 1178 1503 et
1191 1436 1265 1504 cdm
1278 1441 1418 1508 maxime
1431 1458 1475 1508 est

193 1541 295 1606 auctr,
312 1534 463 1599 tenebunt
477 1537 629 1623 rationem
643 1550 678 1602 ut
694 1547 862 1606 19969696
878 1541 919 1605 ad
935 1550 1114 1623 14000001,
1137 1542 1198 1609 hoc
1212 1558 1260 1611 est
1272 1558 1309 1611 ut
1323 1557 1473 1618 messes

191 1635 233 1699 ad
254 1644 415 1719 4666667,
441 1665 482 1707 ex
502 1667 565 1730 quo
587 1646 660 1708 satis
680 1647 867 1732 perspicitur
885 1647 1092 1714 differentiam
1112 1649 1195 1716 hanc
1208 1652 1339 1719 minime
1356 1659 1471 1744 percipi

189 1766 289 1829 posse.
336 1750 451 1815 Similis
473 1765 576 1816 autem
598 1753 726 1818 omnino
747 1768 794 1820 est
809 1757 887 1822 ratio
902 1759 1027 1824 alterius
1042 1761 1242 1846 phoenomeni
1256 1765 1470 1833 declinationis

189 1854 305 1919 scilicet
319 1880 338 1920 6
352 1859 412 1923 situ
427 1861 565 1925 verticuli
579 1878 765 1947 comparata,
782 1887 1026 1956 quoenunquam
1041 1870 1082 1935 ad
1097 1874 1146 1937 5'''
1160 1894 1332 1963 exsurgere
1344 1891 1455 1963 potest.

422 1211 554 1327 Numeri
575 1286 651 1352 ergo
672 1243 898 1330 oscillationum
920 1267 961 1332 ab
979 1266 1090 1333 eodem
1106 1268 1246 1355 pendulo
1265 1272 1380 1337 eodem
1401 1287 1478 1341 tem-

749 2139 912 2161 ἈἊἊΜ

598 2319 772 2396 CAPUT
798 2317 1055 2393 TERTIUM.

215 2523 275 2595 De
291 2520 440 2616 Figura,
461 2542 562 2617 quam
577 2518 668 2590 uires
682 2513 756 2589 calm
773 2517 872 2603 Solis,
897 2511 1110 2603 1111611166,
1139 2518 1264 2590 Teme
1285 2517 1448 2592 inducere

739 2647 916 2709 caemar.

187 2858 210 2935 1.
229 2861 279 2917 6.
304 2819 405 2919 Cur
424 2855 520 2944 igtur
539 2855 700 2939 incapite
720 2853 917 2940 precedente
935 2852 1016 2916 vires
1031 2864 1094 2916 am
1109 2875 1129 2916 a
1144 2851 1218 2932 ,sou¹
1232 2850 1327 2939 quan
1342 2877 1364 2918 a
1379 2855 1469 2920 uuna

187 2963 335 3028 oriundas
359 2966 673 3043 determinaverimus,
700 2965 811 3052 quibus
836 2963 967 3052 singulte
991 2962 1102 3028 Terrae
1126 2961 1289 3045 particulae
1312 2963 1356 3028 ad
1378 2966 1469 3030 eitum

187 3050 347 3136 relativum
362 3072 433 3137 crim
448 3074 528 3139 inter
543 3097 576 3137 se
590 3072 656 3138 tdm
671 3085 814 3157 respectu
829 3072 937 3149 centri,
958 3070 1043 3158 quod
1058 3071 1088 3132 in
1104 3069 1165 3134 hoc
1180 3071 1307 3156 negotio
1321 3083 1468 3158 tanquam

187 3181 347 3265 quiescens
368 3181 591 3260 consideratur,
616 3180 843 3245 immutandum
867 3179 1089 3253 sollicitantur3
1119 3176 1197 3239 ordo
1224 3176 1408 3262 requireret,
1435 3192 1467 3243 ut

182 3286 248 3371 jam
262 3287 295 3350 in
310 3287 411 3371 ipsum
426 3300 555 3364 motum,
572 3312 634 3374 quo
650 3287 779 3374 singulae
793 3286 954 3371 particulae
973 3286 1054 3349 inter
1068 3307 1102 3347 sc
1117 3285 1306 3347 commoveri
1321 3285 1466 3359 debeant.

186 3396 424 3481 inquireremus.
471 3397 589 3460 Verum
612 3396 683 3460 crim
706 3397 775 3460 haec
796 3397 991 3484 investigatio
1005 3396 1045 3458 sit
1059 3395 1176 3458 altioris
1192 3395 1361 3482 indaginis,
1378 3411 1468 3483 atque

184 3529 262 3591 opus
279 3505 393 3571 habeat
407 3506 568 3591 principiis
583 3507 772 3571 mechanicis
787 3506 827 3570 ad
842 3520 961 3569 motum
976 3506 1110 3589 partium
1132 3505 1213 3567 inter
1227 3527 1260 3566 se
1276 3506 1468 3589 respicienti·

183 3611 251 3691 bus,
267 3613 370 3700 qualia
384 3613 436 3677 vix
453 3637 583 3701 usquam
598 3613 699 3678 adhuc
715 3615 928 3699 reperiuntur3
955 3614 987 3675 in
1010 3612 1070 3676 hoc
1087 3613 1197 3696 Capite
1212 3634 1279 3676 rem
1295 3613 1466 3679 secundrim

181 3726 337 3811 principia
357 3727 465 3791 statica
487 3725 615 3792 ulterius
637 3727 781 3812 persequi
801 3747 976 3811 pergamus,
1000 3747 1037 3787 66
1059 3724 1192 3810 figuram
1212 3710 1464 3799 determinemus,

180 3857 274 3918 quam
296 3835 377 3899 vires
403 3836 483 3900 Solis
506 3850 537 3899 ct
560 3837 660 3900 Lunae
683 3835 754 3899 crim
776 3835 904 3898 seorsim
923 3832 989 3897 trim
1005 3835 1096 3897 etiam
1112 3833 1300 3918 conjunctim
1318 3834 1465 3899 inducere

180 3958 340 4008 conantur.
366 3945 505 4009 Huncin
514 3945 609 4010 finem
619 3947 752 4010 Terram
762 3945 968 4031 undequaque
979 3943 1106 4008 materiai
1118 3944 1212 4008 fluidi
1225 3964 1280 4009 seu
1290 3945 1372 4032 aqui
1384 3948 1465 4010 cino·

180 4062 244 4112 tarn
256 4052 545 4136 contemplabimur,
559 4052 621 4138 qud
630 4053 894 4116 sollicitationibus
904 4053 1031 4115 obedire
1039 4074 1075 4115 ac
1088 4051 1219 4138 liguram
1229 4053 1266 4116 iis
1279 4056 1464 4118 convenien-

181 4173 243 4223 tem
259 4175 330 4225 actu
345 4162 474 4227 induere
489 4176 590 4248 queat.
636 4164 675 4226 16
689 4163 749 4226 hoc
763 4164 879 4227 scilicet
900 4163 1026 4248 negotio
1043 4161 1146 4227 Solem
1162 4175 1193 4225 et
1208 4161 1334 4227 Lunam
1349 4166 1463 4249 pariter

179 4291 217 4333 66
240 4270 336 4354 ipsam
359 4270 491 4335 Terram
514 4273 704 4356 quiescentes
726 4272 927 4357 concipimus,
950 4271 994 4333 ita
1014 4283 1048 4333 ut
1070 4272 1149 4333 inter
1164 4293 1197 4333 se
1217 4270 1373 4354 perpetud
1387 4293 1460 4334 eun·
1561 4311 1565 4319 ·

181 4378 253 4441 dem
269 4381 362 4443 situm
377 4380 538 4444 relativum
554 4393 746 4456 conservent,
771 4403 833 4466 quo
852 4363 945 4464 pacto
961 4378 1071 4443 Terrae
1086 4379 1126 4442 ab
1141 4378 1314 4441 actionibus
1332 4377 1412 4442 Solis
1425 4399 1459 4440 ac
1546 4403 1565 4442 :

180 4486 282 4550 Lunae
296 4487 398 4574 figura
411 4510 596 4572 permanens
608 4511 683 4551 mox
698 4489 852 4565 induetur,
866 4512 959 4574 quam
970 4488 1088 4551 tamdiu
1101 4488 1254 4564 retinebit,
1268 4487 1371 4573 quoad
1388 4487 1457 4549 item
1522 4512 1565 4550 ι

179 4596 255 4658 situs
277 4596 423 4658 relativus
445 4597 545 4661 duret.
592 4598 794 4682 Perspicuum
816 4611 919 4661 autem
943 4609 990 4660 est
1012 4597 1221 4683 cognitionem
1243 4595 1335 4681 hujus
1351 4595 1457 4682 figura
1505 4620 1565 4659 a

178 4725 294 4789 magno
312 4701 446 4766 suturam
462 4727 528 4768 esse
543 4705 721 4790 adjumento
743 4707 782 4770 ad
804 4705 940 4790 ejusdem
957 4702 1067 4791 figurae
1081 4704 1367 4768 transmutationem
1382 4699 1456 4764 defi-
1482 4728 1565 4767 -a

180 4811 337 4888 niendam,
354 4811 380 4874 si
394 4824 458 4874 tam
475 4813 540 4876 Soli
555 4813 649 4898 quim
665 4815 765 4879 Lunae
781 4829 882 4879 motus
898 4814 1059 4878 tribuatur.
