3330 5692
178 557 269 620 xxm
658 554 993 621 INTRODUCTIO
1287 556 1386 635 [Car.
1404 556 1468 621 111.

177 727 200 789 h
222 727 262 804 L,
287 726 466 790 distantiam
488 741 691 811 apparentem
712 729 793 790 inter
815 726 980 811 parallelos
1002 725 1139 791 siderum
1161 726 1297 790 duorum
1322 748 1396 813 quae
1422 740 1471 792 est

89 821 92 825 ⁵
177 832 352 897 differentia
378 832 593 897 declinationis
619 832 767 910 siderum,
794 833 1013 897 obtinebimus.
1060 832 1124 899 sed
1146 833 1172 896 si
1192 832 1368 898 differentia
1389 848 1471 898 tem·

177 941 265 1026 poris
287 941 368 1005 inter
389 941 552 1027 utriusque
576 939 687 1004 sideris
708 939 874 1004 transitum
893 961 950 1024 per
971 939 1060 1003 filum
1081 939 1286 1004 transversale
1301 940 1335 1004 in
1348 941 1469 1007 minuti

178 1065 244 1111 tam
264 1047 366 1133 primi
387 1046 483 1135 quim
505 1046 641 1111 secundi
662 1046 780 1135 gradis
806 1058 1005 1110 convertatur
1030 1047 1101 1130 (16)
1127 1045 1336 1113 differentiam
1359 1070 1469 1115 asceu-

179 1155 330 1220 sionalem
344 1156 483 1221 siderum
498 1155 693 1221 habebimus.

222 1272 275 1328 40.
303 1264 387 1329 Hoec
412 1263 588 1328 observatio
613 1263 763 1348 supponit
785 1263 906 1327 nullum
931 1285 999 1328 esse
1024 1262 1133 1327 sideris
1160 1275 1279 1327 motum
1304 1264 1468 1350 proprium

180 1370 360 1456 nullamque
380 1371 576 1456 parallaxim.
624 1371 658 1436 si
679 1371 765 1435 sidus
787 1384 909 1435 motum
921 1372 1086 1456 proprium
1100 1372 1224 1450 babeat,
1240 1372 1328 1437 illum
1343 1389 1469 1459 oportet

180 1499 222 1542 ex
242 1478 510 1542 observationibus
525 1476 733 1543 determinare
749 1476 853 1563 quoad
867 1477 1107 1544 declinationem
1122 1493 1154 1545 et
1167 1480 1382 1546 ascensionem
1402 1506 1484 1552 reo·²

180 1599 245 1650 tam
265 1582 410 1671 illidsque
430 1587 582 1651 rationem
597 1587 722 1650 babere.
780 1587 856 1663 Quo
871 1603 1010 1671 peracto,
1026 1591 1052 1653 si
1067 1590 1171 1677 aliqua
1185 1591 1226 1655 sit
1240 1591 1352 1657 sideris
1366 1560 1487 1679 paral-⁸

180 1696 260 1760 laxis
281 1696 396 1780 poterit
417 1695 462 1761 iti
482 1697 622 1781 reperiri.
668 1697 862 1762 Observetur
877 1697 987 1762 sideris
1002 1698 1043 1762 ad
1056 1701 1264 1765 meridianum
1285 1703 1470 1787 appellantis

181 1805 322 1870 ascensio
343 1820 429 1871 recta
450 1829 522 1893 qnae
543 1807 695 1892 parallaxi
717 1807 856 1870 obnoxia
877 1827 942 1870 non
965 1821 1012 1871 est
1039 1811 1120 1893 (88),
1143 1824 1175 1874 et
1195 1809 1370 1875 differentia
1389 1813 1470 1877 inter

180 1913 265 1977 hanc
286 1914 499 1978 ascensionem
520 1927 638 1979 rectam
659 1914 770 1979 sideris
790 1915 822 1977 in
848 1915 1021 1980 meridiano
1036 1918 1196 1985 existentis
1211 1932 1243 1983 et
1257 1921 1471 1986 ascensionem

181 2038 298 2089 rectam
319 2025 458 2111 ejusdem
478 2024 589 2091 sideris
609 2026 681 2091 alibi
706 2026 867 2092 existentis
882 2026 1089 2106 observatam,
1105 2029 1165 2093 erit
1179 2029 1349 2122 parallaxis
1363 2052 1472 2097 ascen·

182 2135 278 2199 sionis
293 2150 387 2202 rectae
402 2159 443 2202 ex
457 2136 519 2224 qui
529 2136 697 2223 parallaxis
712 2135 884 2200 altitudinis
899 2136 1030 2200 inveniri
1043 2138 1169 2221 poterit.
1218 2138 1266 2203 Sit
1279 2137 1364 2203 enim
1391 2139 1429 2205 H
1442 2140 1471 2205 lt

180 2245 321 2324 horizon,
346 2246 382 2311 H
399 2247 425 2313 Z
442 2248 473 2312 R
487 2248 687 2324 meridianus,
711 2246 739 2311 Z
753 2245 867 2322 benith,
895 2247 922 2311 P

182 2355 275 2440 polus
296 2356 415 2434 mundi,
439 2357 466 2422 Z
482 2358 506 2423 S
521 2356 551 2421 Ε
565 2356 596 2419 V
611 2355 745 2420 circulus
760 2355 923 2432 verticalis,

185 2465 209 2529 S
224 2464 309 2529 sidus
324 2467 522 2531 observatum
537 2466 570 2529 in
585 2465 656 2530 loco
672 2464 695 2529 S
710 2475 743 2528 et
756 2462 872 2528 deinde
893 2464 925 2525 in

183 2574 367 2653 meridiano,
390 2575 420 2640 E
440 2576 528 2640 locus
549 2575 659 2639 sideris
679 2573 774 2649 visus,
797 2573 821 2639 S
840 2571 927 2635 locus

184 2703 285 2758 verus,
307 2695 339 2747 et
358 2682 430 2748 ideb
452 2685 476 2750 S
496 2684 526 2748 E
544 2682 713 2769 parallaxis
735 2680 926 2756 altitudinis;

185 2790 300 2856 sea
318 2790 391 2856 aa
415 2791 523 2856 secun
544 2790 768 2856 asomum.
813 2790 928 2868 natur,
972 2764 1003 2822 Η

185 2905 258 2984 (per
271 2900 376 2988 Hyp.)
392 2903 526 2991 angulus
542 2904 566 2970 S
583 2903 611 2967 P
626 2901 665 2979 E,
681 2903 770 2987 cujus
785 2922 929 2965 mensura

184 3019 233 3069 est
252 3007 420 3090 pmallaxis
435 3010 624 3075 ascensionis
639 3022 734 3074 rectae
749 3008 859 3074 sideris
873 3009 1048 3074 observata.
1093 3005 1199 3074 Datur
1213 3006 1306 3070 etiam
1322 3017 1475 3092 puuctum

188 3114 266 3179 illud
288 3117 373 3202 quod
395 3131 442 3182 est
462 3119 641 3183 intersectio
661 3118 828 3205 aquatoris
850 3129 883 3181 et
901 3115 1066 3180 meridiani
1085 3125 1226 3199 tempore
1248 3114 1475 3181 observationis

186 3220 296 3288 sideris
317 3225 350 3288 in
372 3224 411 3302 E,
426 3226 615 3310 apparentis,
633 3224 718 3288 unde
732 3224 866 3289 babetur
880 3245 972 3288 arcus
987 3223 1153 3308 oequatoris
1169 3223 1253 3287 inter
1265 3223 1475 3289 meridianum

188 3333 219 3397 R
235 3334 262 3398 Z
278 3334 314 3399 H
329 3347 362 3398 et
375 3334 526 3399 circulum
541 3334 757 3399 declinationis
780 3334 808 3398 P
824 3333 853 3398 E
868 3333 1058 3417 interceptus
1074 3332 1128 3418 qui
1143 3344 1190 3396 est
1205 3353 1355 3396 mensura
1368 3331 1475 3420 anguli

186 3441 214 3506 Z
237 3442 264 3506 P
286 3441 325 3506 E.
372 3440 480 3518 Quare
502 3442 534 3505 in
557 3441 715 3530 triangulo
738 3440 765 3505 Z
788 3439 816 3504 P
839 3440 878 3518 E,
902 3439 1017 3503 dantur
1032 3438 1113 3503 latus
1130 3438 1156 3503 Z
1172 3438 1201 3502 Ρ
1215 3437 1363 3502 distantia
1377 3439 1443 3522 poli
1457 3462 1478 3501 a

186 3549 312 3626 vertice,
336 3560 369 3613 et
388 3547 470 3612 latus
491 3549 518 3614 Z
540 3549 569 3613 Ε
588 3547 733 3612 &unna
753 3547 819 3611 visa
840 3545 950 3611 sideris
965 3569 984 3609 a
998 3545 1113 3609 vertice
1129 3566 1200 3608 cum
1217 3543 1333 3631 angulo
1349 3544 1376 3608 Z
1393 3544 1421 3609 P
1438 3545 1475 3610 E.

186 3655 366 3721 Innotescet
391 3656 486 3743 igitur
511 3655 645 3744 angulus
672 3656 699 3719 P
717 3656 744 3721 Z
765 3654 804 3732 E,
821 3655 861 3720 ab
885 3655 1001 3742 angulo
1024 3654 1051 3719 Z
1068 3652 1149 3730 PE,
1172 3652 1363 3717 subducatur
1383 3652 1476 3719 datus

186 3766 211 3828 S
227 3764 254 3829 P
269 3765 308 3843 E,
324 3778 356 3830 et
369 3765 495 3830 dabitur
510 3764 643 3854 angulus
659 3765 686 3830 Z
703 3765 730 3829 P
745 3766 778 3831 S.
817 3765 966 3850 Denique
981 3766 1013 3828 in
1028 3764 1184 3852 triangulo
1201 3763 1228 3828 Z
1244 3764 1272 3829 P
1288 3764 1321 3840 S,
1338 3786 1379 3827 ex
1394 3763 1475 3828 datis

185 3871 307 3957 angulis
328 3872 357 3938 P
373 3872 400 3937 Z
416 3873 440 3938 S
457 3885 489 3936 et
512 3871 539 3936 Z
557 3871 584 3935 P
600 3871 634 3946 S,
650 3892 722 3935 cum
737 3870 834 3936 latere
850 3870 877 3935 Z
894 3871 931 3947 P,
948 3869 1074 3935 dabitur
1087 3870 1169 3933 latus
1186 3869 1213 3934 Z
1229 3870 1262 3945 S,
1279 3891 1352 3933 vera
1366 3869 1475 3933 sideris

186 3978 335 4042 avertice
357 3979 505 4043 distantia
528 3999 601 4064 quoe
623 3999 664 4040 ex
685 3977 750 4041 visi
774 3977 857 4054 ZE,
883 3976 986 4041 ablata
1008 3976 1161 4063 relinquet
1190 3977 1214 4041 S
1237 3975 1265 4040 E
1290 3975 1473 4061 parallaxim

186 4082 368 4149 altitudinis.

229 4199 283 4255 41.
306 4191 526 4280 Telescopium
548 4192 685 4258 maculas
707 4193 950 4279 quamplurimas
972 4191 1134 4257 variabiles
1154 4212 1225 4278 quae
1245 4212 1339 4275 super
1361 4212 1474 4275 corpus

189 4297 271 4363 Solis
292 4299 437 4366 incedere
460 4302 604 4367 videntur
625 4302 772 4379 ostendit,
797 4324 837 4365 ex
859 4324 967 4366 earum
981 4314 1068 4365 motu
1085 4298 1189 4364 Solem
1212 4296 1296 4362 circi
1310 4298 1473 4382 proprium

187 4429 280 4471 axem
300 4412 362 4490 25}
385 4409 497 4475 diebus
511 4410 629 4476 revolvi
644 4409 786 4477 infertur.
818 4411 858 4476 ln
872 4412 996 4476 Venere
1011 4435 1070 4497 pro
1084 4410 1169 4475 varii
1186 4411 1251 4495 ejus
1266 4408 1306 4472 ad
1324 4408 1429 4474 Solem
1445 4422 1475 4472 et

189 4515 323 4581 Terram
351 4516 505 4602 positione
533 4518 647 4605 phasea
677 4518 810 4584 diversae
847 4521 1080 4606 conspiciuntur
1116 4519 1265 4605 phasibus
1296 4518 1474 4581 Lunaribus

188 4621 303 4687 similes
328 4623 373 4687 iu
395 4637 431 4688 ut
453 4639 573 4708 partem
595 4627 801 4692 illuminatam
829 4627 894 4692 Soli
918 4640 1096 4693 constanter
1117 4627 1269 4690 obvertat
1318 4623 1476 4688 Praetereri

191 4729 372 4797 Mercurius
397 4745 431 4796 et
456 4733 564 4799 Venus
589 4749 737 4823 tauquam
759 4736 890 4801 inaculae
916 4737 1016 4823 nigrae
1038 4751 1069 4802 et
1087 4734 1229 4800 rotunda
1251 4733 1370 4798 discum
1395 4733 1474 4799 Solis
