3330 5692
208 555 271 616 262
457 548 724 627 INQUISITIO
747 549 951 615 PHYSICA
974 550 1026 615 IN
1048 549 1244 618 CAUSAM

204 720 312 798 libem,
330 720 385 785 sed
399 717 631 807 quaquaversds
646 718 773 784 materiai
789 720 926 783 terrestri
941 719 1140 798 circumdata,
1161 722 1342 810 investigari
1356 738 1490 810 oportet,

204 841 354 914 quantum
369 827 428 890 ista
442 827 571 891 materia
586 826 731 891 effectum
746 826 863 889 viribus
878 824 1113 891 sollicitantibus
1128 829 1289 893 concedat.

244 940 267 1016 i.
284 941 335 999 25.
360 934 520 1010 Quoniam
534 946 639 998 antem
654 934 687 996 in
701 935 762 997 hoc
779 933 891 1017 Capite
908 932 1000 1028 nobis
1015 934 1156 998 nondum
1171 951 1220 1001 est
1239 940 1441 1023 propositum
1459 941 1500 1006 in

203 1042 307 1128 ipsum
329 1044 472 1109 effectum
493 1046 534 1109 ab
555 1043 605 1109 his
625 1042 743 1108 viribus
757 1043 926 1107 oriundum
945 1043 1112 1129 inquirere,
1133 1044 1189 1109 scd
1204 1058 1327 1110 tantum
1342 1065 1545 1119 conatum.

201 1150 343 1215 evolvere
363 1165 457 1239 atque
479 1151 660 1236 explorare;
683 1146 862 1237 diligentiis
883 1149 1121 1235 perpendemus,
1148 1153 1325 1237 cujusmodi
1347 1156 1431 1220 vires
1450 1180 1564 1236 εξ

199 1260 429 1326 combinatione
451 1261 561 1325 harum
585 1261 794 1345 potentiarum
814 1259 999 1346 particulam
1018 1260 1057 1325 M
1072 1261 1306 1328 sollicitantium
1326 1266 1564 1351 resultent*-

199 1365 299 1430 Hunc
324 1368 357 1431 in
382 1361 491 1432 finem¹
505 1368 677 1432 resolvatur
701 1369 748 1431 vis
772 1367 812 1432 M
829 1369 906 1433 Sin
928 1367 1006 1431 duas
1027 1367 1180 1448 laterales,
1204 1394 1338 1458 quarum
1360 1375 1564 1463 ulteriuQ¹

199 1475 330 1541 directio
345 1477 494 1562 parallela
508 1478 548 1541 sit
561 1478 621 1562 ipsi
638 1477 666 1542 C
682 1478 715 1554 S,
731 1477 828 1555 altera
840 1475 916 1540 verb
930 1477 963 1539 in
976 1475 1015 1540 M
1026 1475 1054 1541 P
1064 1477 1171 1543 cadat:
1188 1502 1228 1543 ex
1237 1503 1302 1567 quo
1312 1485 1502 1568 reperietun
1510 1530 1564 1574 ,ι

195 1584 241 1650 vis
256 1586 310 1650 illa
324 1586 508 1672 particulam
524 1586 563 1651 M
578 1588 611 1650 in
625 1587 795 1651 directione
816 1584 856 1649 M
871 1584 905 1661 Q
920 1605 1034 1672 urgens

200 1777 234 1787 -
326 1701 393 1786 sa
403 1739 447 1751 —
457 1702 492 1783 x>

200 1789 234 1800 -
250 1785 565 1889 W
575 1771 585 1824 3
608 1747 705 1812 altera
726 1744 800 1810 verd
819 1745 866 1808 vis
888 1743 921 1807 in
935 1741 1021 1806 direc

191 2136 296 2189 autem
320 2124 474 2209 porticula
500 2125 540 2190 M
564 2126 692 2210 insuper
712 2123 854 2188 trahatur
874 2125 908 2188 in
929 2124 1029 2190 direc-

189 2241 548 2407 ῐίοηεΜΝνίεὲ,
567 2293 630 2344 tres
651 2279 848 2344 istoeviresa
867 2279 942 2345 Sole
963 2279 1031 2345 Lu·

187 2449 267 2514 nive
281 2449 315 2514 in
330 2449 355 2515 S
370 2450 523 2514 existente
536 2449 725 2515 reducentur
739 2450 780 2515 ad
794 2449 882 2529 duas,
895 2471 1027 2536 quarum
1087 2463 1117 2507 1>

188 2558 286 2622 altera
320 2558 353 2621 in
389 2557 560 2622 directione
602 2557 642 2622 M
672 2559 706 2635 Q
740 2581 856 2647 urgens
895 2559 956 2633 erit
989 2583 1021 2619 =

184 3088 211 3151 si
226 3101 319 3152 recte
334 3088 374 3154 M
386 3089 420 3166 Q
435 3103 467 3155 et
482 3092 522 3157 M
534 3093 562 3158 P
576 3093 625 3157 his
640 3094 756 3157 viribus
772 3092 1019 3178 proportionales
1031 3089 1202 3174 capiantur,
1215 3096 1247 3148 et
1257 3083 1521 3172 rectangulam

187 3197 227 3262 M
242 3197 276 3274 Q
292 3199 324 3263 Ο
343 3199 587 3286 Pcompleatur,
604 3203 758 3288 exprimet
773 3201 945 3289 diagonalis
969 3202 1009 3267 M
1027 3202 1059 3266 Ο
1081 3197 1144 3262 trini
1158 3193 1363 3258 directionem
1377 3184 1511 3279 quain

186 3309 388 3394 quantitatem
404 3311 450 3374 vis
466 3334 507 3377 ex
521 3313 621 3377 tribus
635 3312 886 3397 praecedentibus
901 3325 997 3377 ortae:
1021 3312 1081 3375 erit
1096 3320 1198 3372 autem
1214 3303 1321 3391 anguli
1337 3303 1369 3368 O
1385 3299 1445 3367 M:
1482 3294 1508 3357 P

181 3474 313 3551 angens
331 3494 366 3520 =
389 3442 502 3611 ’ἧέ
516 3418 921 3607 -((Ξ“)ἷζΥΗ-’)-ῧ;
944 3490 1007 3554 quo
1023 3465 1158 3553 cognito,
1175 3461 1201 3526 st
1216 3461 1321 3523 fiatur
1337 3458 1413 3523 MP
1452 3443 1503 3512 nd

183 3673 223 3739 M
239 3673 271 3742 0
287 3676 330 3740 ita
345 3635 683 3820 Μὴ
697 3675 738 3739 ad
753 3691 903 3760 quartam,
928 3678 997 3744 haec
1011 3679 1079 3764 ipsa
1093 3687 1204 3763 quarta
1225 3656 1502 3756 proportionalis

181 3841 241 3906 erit
255 3842 301 3906 vis
316 3840 501 3927 particulam
517 3838 557 3904 M
572 3840 604 3903 in
619 3840 790 3906 directione
806 3842 845 3907 M
860 3844 893 3909 O
907 3846 1087 3921 sollicitans,
1103 3861 1174 3939 quae
1188 3838 1289 3901 oritur
1302 3858 1321 3899 a
1337 3835 1367 3898 vi
1388 3827 1448 3897 ad
1474 3816 1503 3879 S

181 3951 338 4015 tendente.
1386 3985 1393 3997 ·

224 4062 247 4138 l.
263 4066 315 4123 26.
340 4057 387 4122 Ut
407 4069 511 4121 autem
532 4057 600 4122 istae
614 4057 695 4122 vires
710 4058 829 4124 facilius
845 4082 916 4126 cum
935 4061 1087 4150 gravitate
1102 4054 1245 4130 naturali,
1262 4055 1351 4138 cujus
1367 4052 1501 4156 diref·

179 4165 225 4230 tio
240 4178 288 4230 est
303 4165 343 4230 M
359 4166 397 4243 C,
414 4165 561 4254 conjungi
579 4180 704 4253 queant,
720 4170 915 4236 resolvantur
928 4195 975 4236 eoe
996 4171 1029 4234 in
1045 4168 1143 4244 binas,
1167 4186 1300 4251 quarum
1316 4164 1425 4228 altem
1461 4157 1500 4205 ¹¹¹

179 4277 279 4361 ipsam
302 4276 504 4342 directionem
527 4278 612 4343 MC
634 4277 734 4356 cadat,
757 4280 882 4347 alterios
896 4281 972 4347 verb
991 4280 1123 4346 directio
1145 4277 1185 4340 sit
1208 4274 1246 4338 M
1265 4276 1297 4338 R
1317 4255 1499 4371 noer

179 4387 219 4452 ad
243 4387 339 4452 MC.
382 4387 437 4452 Ad
457 4389 519 4454 hoc
533 4390 782 4456 commodissime
797 4397 1020 4478 praestandum,
1043 4391 1217 4457 resolvatur
1231 4387 1278 4450 vis
1302 4385 1382 4451 MS
1404 4380 1499 4465 pn·

178 4499 266 4566 nnlm
281 4500 416 4580 induas,
440 4526 573 4590 quarum
589 4503 686 4567 altera
700 4516 736 4568 ut
750 4505 821 4569 ante
835 4507 1038 4571 directionem
1057 4502 1171 4567 habeat
1191 4498 1250 4582 ipsi
1274 4497 1302 4561 C
1319 4497 1343 4561 S
1365 4466 1497 4579 pau*ul

178 4611 281 4689 lelam,
299 4610 425 4676 alteriils
439 4613 514 4677 verb
528 4614 659 4679 directio
673 4615 706 4679 in
720 4615 820 4700 ipsam
836 4616 876 4682 M
893 4618 921 4681 C
935 4592 1061 4682 incidat
1108 4609 1194 4679 cum
1209 4610 1306 4698 igitur
1321 4609 1362 4672 sit
1383 4591 1444 4672 M
1468 4574 1499 4638 C

180 4801 214 4826 ==
241 4771 272 4834 es
293 4764 475 4855 (ΧΗ-γ’)
497 4768 556 4834 erit
575 4771 663 4855 prior
684 4771 783 4835 vir=
804 4727 1322 4914 (fflfflposterior
1340 4753 1498 4826 verb*
