3330 5692
357 525 420 582 aaa
608 497 875 592 raomsrrro
900 513 1103 580 nursica
1128 511 1178 577 ra
1202 510 1397 578 causan

352 708 472 768 aestum,
489 714 622 777 quorum
637 691 725 768 alter,
741 690 936 777 quiquidem
951 690 1045 779 longe
1060 703 1107 754 est
1122 690 1234 766 minor,
1249 711 1308 774 per
1324 689 1454 753 Fretum
1473 689 1637 767 Gallicum,

352 802 430 866 alter
452 800 534 863 circa
559 801 695 864 Scotiam
718 800 883 864 advehitur
904 823 945 864 ex
966 801 1078 864 eodem
1094 800 1224 865 Oceano
1241 800 1417 864 Atlantico:
1450 801 1495 864 ita
1518 816 1638 887 propter

350 907 540 992 singularem
566 906 707 970 littorum
732 907 939 993 quorumdam
966 909 1059 971 situm
1084 907 1239 971 mirabilia
1266 907 1479 992 phaenomena
1508 910 1543 972 in
1568 923 1638 977 oestu

349 1017 443 1079 maris
459 1015 582 1079 evenire
595 1029 739 1100 possunt
778 1015 876 1090 Qudd
891 1017 916 1080 sl
931 1017 1015 1080 enim
1030 1017 1117 1079 littus
1132 1016 1302 1101 quodpiam
1317 1017 1361 1080 ita
1371 1016 1468 1080 suerit
1481 1039 1638 1102 compara-

349 1139 425 1198 tum,
443 1135 477 1184 ut
492 1136 586 1186 aestus
602 1122 635 1184 in
650 1122 683 1184 id
697 1122 815 1206 duplici
830 1123 880 1186 vila
895 1124 944 1187 vel
960 1146 1000 1186 ex
1015 1123 1125 1188 eodem
1141 1145 1269 1200 oceano,
1289 1123 1394 1187 velex
1411 1123 1541 1188 diversis
1556 1147 1637 1188 com·

347 1233 533 1310 municetur,
559 1235 677 1298 ratione
701 1234 859 1319 temporis,
883 1257 946 1319 quo
960 1234 1025 1297 bini
1047 1236 1098 1298 isti
1112 1248 1206 1298 aestus
1221 1233 1404 1310 adveniunt,
1428 1235 1562 1322 insignes
1576 1234 1636 1298 dis

345 1342 514 1425 crepantiae
529 1342 605 1406 oriri
619 1353 777 1425 poterunt.
823 1342 906 1406 Nam
922 1343 948 1405 si
961 1364 1019 1426 per
1034 1357 1197 1428 utramque
1212 1342 1293 1405 viam
1307 1341 1415 1406 fluxus
1437 1341 1547 1407 eodem
1561 1356 1636 1406 tenr-

344 1475 422 1536 pore
437 1450 620 1528 advehatur,
638 1466 731 1538 atque
747 1452 826 1517 adeo
849 1452 942 1517 simul
962 1452 1098 1516 refluxus
1114 1467 1298 1538 congruant,
1317 1466 1414 1516 aestus
1427 1452 1531 1517 multo
1545 1453 1634 1537 majo

343 1584 394 1625 res
418 1561 551 1626 existere
576 1561 745 1626 debebunt.
793 1562 849 1626 Sin
872 1576 977 1626 autem
1003 1585 1041 1625 eo
1056 1575 1207 1647 tempore,
1234 1584 1297 1647 quo
1321 1584 1379 1646 per
1406 1561 1539 1627 alteram
1560 1561 1632 1624 viam

343 1671 447 1735 fluxus
462 1669 596 1745 advenit,
620 1693 660 1734 ex
675 1670 771 1734 alterii
787 1670 836 1734 viai
852 1671 991 1735 refluxus
1005 1669 1131 1746 incidat,
1155 1682 1223 1734 tum
1239 1682 1334 1733 aestus
1353 1670 1487 1733 omniuo
1502 1668 1631 1733 detrae-

344 1790 395 1840 tur
417 1777 443 1839 si
465 1775 592 1861 quidem
614 1799 671 1860 per
693 1791 857 1863 utramque
879 1778 961 1840 viam
977 1800 1059 1863 aqua
1073 1776 1233 1863 aequaliter
1247 1775 1296 1840 vel
1318 1775 1430 1840 affluat
1442 1775 1495 1840 vel
1516 1775 1629 1841 defluat.

343 1883 397 1947 Ad
419 1883 480 1946 hoc
501 1881 575 1946 verb
590 1904 655 1946 non
669 1884 782 1948 sufficit
796 1885 897 1948 ambae
911 1885 970 1948 viae
984 1884 1047 1948 sint
1062 1885 1206 1970 aequales,
1230 1883 1285 1947 sed
1300 1883 1396 1947 etiam
1412 1883 1582 1969 requiritur
1599 1898 1628 1945 ut

342 1994 408 2058 bini
423 2008 518 2057 aestus
533 1996 697 2058 successivi
713 1997 774 2059 sint
789 1994 934 2080 aequales,
952 1994 984 2057 id
999 1995 1085 2080 quod
1098 1995 1202 2058 evenit
1216 1995 1242 2057 si
1265 1993 1359 2057 Luna
1372 1992 1426 2056 vel
1445 2014 1513 2057 non
1527 1992 1627 2057 habat

340 2102 591 2180 declinationem,
615 2103 665 2167 vel
686 2103 773 2166 littus
791 2104 822 2165 in
838 2116 997 2188 oequatore
1012 2102 1104 2166 suerit
1118 2102 1264 2187 positum.
1310 2099 1412 2176 Quod
1426 2100 1453 2164 si
1467 2114 1571 2193 autem
1584 2099 1627 2163 ei·

340 2212 414 2277 dem
428 2211 548 2296 duplici
577 2213 859 2277 communicatione
890 2213 1004 2297 posita,
1035 2226 1099 2276 tam
1126 2212 1219 2277 Luna
1243 2212 1358 2276 habeat
1383 2211 1624 2284 declinationem,

340 2321 434 2408 qudm
459 2322 545 2387 littus
571 2322 749 2387 notabiliter
775 2323 816 2386 ab
843 2335 1001 2408 oequamre
1023 2323 1064 2386 sit
1085 2335 1215 2399 motum,
1238 2336 1306 2386 tum
1328 2321 1371 2384 ob
1395 2319 1623 2409 inieqnditatem

341 2429 488 2493 binorum
510 2442 644 2493 aestuum
660 2452 727 2494 sese
741 2430 982 2516 insequentium,
1005 2432 1112 2495 fluxus
1127 2433 1260 2517 majores
1275 2452 1315 2494 ex
1330 2430 1433 2495 altera
1448 2432 1500 2496 viri
1511 2428 1623 2496 adtuli·

339 2551 435 2616 entes,
465 2538 657 2622 superabunt
681 2538 819 2602 refluxus
845 2538 983 2602 minores
1008 2539 1121 2602 eodem
1147 2553 1287 2624 tempore
1312 2560 1371 2622 per
1399 2539 1532 2605 alteram
1554 2537 1619 2601 nan

338 2646 447 2724 factos,
464 2659 558 2732 atque
575 2646 636 2710 hoc
651 2647 747 2711 modo
763 2648 865 2711 in'tali
887 2648 991 2712 littore
1007 2650 1137 2736 singulis
1154 2650 1264 2714 diebus
1279 2672 1345 2713 non
1359 2649 1430 2714 bini
1443 2650 1557 2726 fluxus,
1575 2643 1616 2711 aad

340 2782 422 2823 unus
444 2773 567 2822 tantum
589 2758 729 2835 accidet3
756 2759 899 2845 hancque
921 2760 1073 2823 rationem
1095 2761 1209 2849 allegat
1231 2762 1407 2826 Ncntonus
1433 2760 1531 2827 test&
1552 2756 1613 2822 ilia

341 2870 508 2958 singularis
531 2871 697 2956 Tunquini
718 2870 884 2947 observati,
902 2871 956 2935 ubi
978 2871 1003 2933 si
1024 2871 1118 2935 Luna
1131 2873 1164 2936 in
1180 2885 1340 2959 aequatore
1353 2885 1513 2949 versatur,
1531 2866 1611 2935 null!

337 2995 431 3045 aestus
454 2981 710 3066 deprehenditur,
734 2983 782 3044 sin
805 2995 908 3044 autem
926 2981 1020 3045 Luna
1034 2981 1149 3046 habeat
1163 2983 1417 3058 declinationem,
1440 2981 1609 3045 unicum·

338 3100 405 3150 tum
428 3087 489 3152 unia
513 3087 617 3151 Lunoe
637 3088 833 3151 revolutione
848 3088 931 3150 cirea
948 3087 1091 3152 Terram.
1137 3090 1206 3154 Nos
1221 3104 1324 3152 autem
1340 3110 1418 3151 mox
1433 3087 1526 3173 hujus
1538 3085 1606 3148 min·

337 3198 408 3262 bilis
432 3198 632 3281 phaenomeni
656 3197 748 3260 aliam
771 3198 870 3284 magis
895 3197 1068 3260 naturalem
1091 3212 1268 3284 nostraeque
1290 3198 1423 3262 theoriae
1444 3196 1604 3261 coutamur

336 3305 547 3369 indicabimus
562 3327 697 3367 causam.

378 3423 401 3499 l.
422 3425 492 3480 118.
516 3415 680 3478 Hactenus
697 3428 808 3476 aestum
824 3414 927 3490 maris,
945 3413 1208 3499 quemadmodum
1224 3416 1256 3477 in
1273 3415 1469 3500 amplissimo
1481 3427 1600 3477 orcam!

336 3528 453 3590 viribus
474 3526 515 3588 ad
532 3525 656 3590 Lunam
671 3548 708 3588 ac
724 3525 830 3588 Solem
847 3525 1045 3588 tendentibus
1062 3527 1263 3609 producatur,
1281 3541 1376 3612 atque
1391 3524 1598 3590 vastationum

337 3636 400 3699 situ
429 3633 501 3698 calm
533 3634 653 3696 ratione
685 3634 864 3718 quantitatis
893 3631 960 3697 tdm
992 3634 1208 3697 retardationis
1238 3633 1447 3698 diversimodd
1471 3627 1596 3695 turbetur,

337 3765 444 3808 sumus
468 3742 680 3825 contemplati,
705 3764 807 3827 neque
822 3764 948 3805 necesse
962 3765 1028 3805 esse
1044 3743 1191 3807 duximus
1207 3757 1373 3807 ventorum
1389 3759 1531 3828 maraque
1543 3754 1595 3797 0¹¹·

336 3873 427 3915 suum
453 3849 654 3933 propriorum
680 3849 830 3913 rationem
858 3849 994 3913 habere:
1028 3850 1098 3914 crim
1127 3853 1198 3914 satis
1224 3875 1360 3936 pronum
1381 3854 1423 3918 sit
1442 3846 1592 3936 pefssploefft

338 3962 497 4048 quomodo
519 3961 568 4024 his
592 3962 684 4024 rebus
707 3975 800 4024 oestus
815 3962 909 4024 maris
931 3975 994 4024 tam
1010 3964 1120 4049 augeri·
1133 3964 1181 4026 vel
1197 3963 1337 4040 diminui,
1356 3963 1452 4050 quam
1464 3949 1591 4026 aooeltwl

336 4072 386 4134 vel
406 4071 556 4134 retardari
580 4071 701 4134 debeat
748 4071 895 4153 Superest
913 4071 1009 4155 igitur
1030 4085 1064 4133 ut
1087 4093 1290 4154 exponamuS,
1316 4071 1477 4156 quomodo
1498 4070 1525 4131 in
1543 4057 1591 4126 ⁹¹1⁵

338 4177 443 4261 amplo
464 4190 564 4241 tractu
587 4179 691 4253 maris,
716 4178 769 4261 qui
792 4177 831 4239 ab
846 4199 964 4239 oceano
979 4178 1029 4241 vel
1043 4179 1171 4242 omnino
1187 4191 1233 4242 est
1255 4181 1422 4263 sejunctus,
1440 4175 1488 4240 vel
1501 4185 1592 4260 petil·

336 4302 465 4374 gustum
488 4285 609 4350 tantiam
631 4287 772 4350 canalem
794 4289 987 4371 conjunctus,
1012 4288 1176 4371 peculiaris
1191 4303 1284 4351 aestus
1302 4312 1319 4350 a
1335 4287 1455 4350 viribus
1477 4285 1593 4350 Luame

339 4399 421 4462 Solis
444 4402 575 4484 produci
600 4416 701 4488 queat
751 4403 954 4485 Perspicuum
980 4404 1063 4465 enim
1089 4415 1145 4478 est,
1172 4403 1197 4464 si
1222 4402 1291 4464 talis
1317 4413 1435 4464 tructus
1457 4387 1594 4463 seeundlffl

336 4507 565 4591 longitudinem
582 4511 663 4574 ultra
687 4520 728 4574 90
750 4509 867 4595 gradus
882 4523 996 4592 pateat,
1022 4523 1132 4571 aestum
1147 4509 1215 4593 pari
1231 4508 1326 4571 modo
1342 4506 1487 4595 generari
1501 4500 1596 4567 (leben

341 4638 378 4677 ac
404 4616 434 4676 in
459 4619 650 4701 amplissimo
673 4643 799 4696 oceano,
825 4620 879 4705 qui
905 4632 1002 4683 totam
1030 4619 1191 4682 Tellurem
1217 4619 1335 4682 ambire
1361 4618 1499 4702 ponitur.
1539 4608 1600 4674 ,aa

337 4721 486 4805 quoniam
510 4728 649 4789 extensio
669 4740 754 4790 tanta
775 4742 832 4803 est,
856 4742 891 4790 ut
912 4728 993 4790 vires
1018 4726 1120 4790 Lunae
1142 4742 1173 4790 et
1196 4728 1277 4793 Solis
1299 4728 1331 4790 in
1355 4751 1394 4791 eo
1414 4740 1515 4791 tractu
1532 4711 1602 4784 simul

338 4830 504 4893 maximam
527 4855 564 4895 ac
586 4836 745 4897 minimam
769 4859 858 4921 aquae
886 4836 1080 4900 altitudinem
1107 4839 1254 4902 inducere
1277 4852 1402 4924 queant,
1431 4856 1551 4902 necesse
1573 4840 1606 4890 ὑῒ
