3330 5692
381 597 385 603 '
474 583 667 653 FLUXUS
689 585 751 650 Ac
776 584 1033 651 REFLUXUS
1055 581 1215 650 Murus
1429 595 1491 653 805

196 756 358 845 gravitatis
377 755 425 822 vis
445 770 529 823 esset
544 755 672 823 infinite
692 779 808 847 magne
827 771 972 844 roepeotu
993 759 1108 823 virium
1130 758 1233 823 Lunae
1254 768 1286 822 et
1309 759 1401 838 Solis,
1423 773 1492 825 tum
1598 805 1601 813 ·

197 865 293 931 etium
305 863 412 931 nullus
425 878 521 931 iesous
535 867 689 944 oriretur3
704 865 819 932 deinde
834 865 897 954 qud
911 868 1011 956 magis
1026 877 1046 933 8
1064 890 1088 955 g
1102 867 1144 931 od
1160 875 1175 929 l
1193 864 1324 944 accedit,
1339 865 1379 931 ed
1391 870 1492 954 major

196 972 337 1057 prodibit
349 984 455 1055 cestus,
471 975 527 1062 qni
545 974 626 1041 odeo
646 977 680 1039 in
694 975 852 1040 inlinitum
866 999 1047 1042 excrescere
1061 990 1168 1063 posset
1181 977 1209 1040 si
1224 975 1305 1041 soret
1319 986 1340 1042 8
1354 1001 1377 1065 g
1397 1003 1429 1037 =
1451 988 1488 1057 13

194 1081 259 1147 hoc
278 1082 397 1170 quippe
418 1104 492 1147 casu
507 1082 561 1148 ‘ris
587 1084 689 1149 Lunae
713 1086 898 1173 gravitatem
924 1100 1095 1171 superaret,
1123 1108 1294 1173 omnesque
1322 1110 1420 1172 aquas
1446 1088 1489 1152 od

194 1191 323 1258 Lunam
337 1191 527 1270 ettrnheret3
551 1193 636 1279 quod
650 1207 755 1258 sutem
769 1194 838 1259 fieri
851 1217 917 1260 non
930 1207 1047 1282 potest,
1068 1195 1169 1260 multo
1183 1195 1287 1260 minus
1302 1209 1407 1261 nutem
1422 1220 1489 1262 esse

192 1314 299 1389 potest
312 1311 332 1367 8
348 1323 372 1391 g
388 1302 426 1380 Ρ
451 1312 481 1381 1,
499 1303 586 1390 quod
601 1315 706 1369 tumen
720 1305 752 1385 si¹
766 1305 913 1384 eveniret,
930 1306 1067 1370 maxime
1081 1303 1213 1369 elevatio
1227 1304 1371 1390 appulsui
1386 1305 1488 1370 Lunoe

194 1412 237 1478 ed
258 1412 464 1493 horizontem,
485 1415 686 1503 maximoque
707 1415 868 1501 depressio
889 1417 992 1482 Lunoe
1013 1415 1221 1480 meridianum
1247 1417 1412 1501 occupanti
1437 1439 1488 1481 re-

192 1520 437 1712 ‘piidimtddm
459 1627 556 1716 igitur
578 1651 669 1715 uque,
692 1630 719 1694 si
742 1627 853 1693 iuern‘i
875 1642 1005 1708 cureret,
1028 1627 1163 1716 agitetur
1176 1649 1235 1712 per
1248 1627 1382 1711 spatium
1398 1627 1439 1694 M
1454 1629 1488 1695 N

198 1802 230 1837 =
250 1747 327 1906 fhss,
350 1774 446 1863 suprd
467 1790 572 1842 autem
594 1783 618 1862 §.
633 1786 686 1842 41.
709 1776 819 1843 eidem
844 1776 904 1843 htc
924 1778 1099 1865 hypothesi,
1122 1776 1183 1865 qui
1201 1788 1266 1840 tum
1287 1777 1374 1842 locus
1390 1776 1484 1864 quim

193 1950 289 2015 Luna
310 1949 344 2014 iu
366 1961 526 2037 aequotore
548 1951 686 2036 ponitur,
712 1974 825 2038 aquam
850 1952 970 2016 elevori'
990 1974 1084 2038 supra
1108 1951 1245 2015 libellam
1270 1972 1327 2036 per
1350 1952 1486 2036 spatium

192 2105 291 2176 2260
317 2096 444 2183 pedum,
471 2095 553 2161 iufra
576 2118 647 2161 eam
675 2097 751 2163 verd
776 2098 910 2182 deprimi
936 2098 1037 2182 spatio
1065 2106 1158 2177 1,]Ιῖ
1184 2098 1312 2182 pedum,
1339 2067 1487 2224 criti-fg

197 2335 229 2370 =
249 2314 346 2388 &872
369 2306 496 2392 pedum,
519 2292 709 2436 ideoque-fi.
732 2335 764 2370 =
786 2317 880 2387 1,124
897 2308 1014 2393 pedum
1036 2335 1068 2368 =
1090 2318 1105 2372 l
1124 2277 1300 2436 {ipedum
1324 2307 1485 2384 Quoniam

191 2477 266 2544 vero
280 2477 369 2544 valor
389 2478 486 2563 ipsius
500 2503 523 2567 g
536 2501 609 2543 cum
623 2480 742 2545 unitate
757 2491 965 2565 comparatur,
988 2479 1060 2543 ideo
1074 2478 1169 2556 venit,
1190 2479 1275 2563 quod
1291 2490 1414 2563 tempus
1427 2501 1485 2562 per

191 2590 293 2674 ipsum
310 2609 419 2652 arcum
434 2588 542 2652 circuli
557 2591 644 2674 cujus
659 2587 764 2652 radius
780 2601 827 2652 est
848 2613 880 2647 =
903 2597 917 2651 l
937 2587 1164 2672 expressimus:
1188 2586 1262 2650 hinc
1277 2587 1382 2672 itaque
1397 2586 1485 2650 valor

190 2697 289 2783 ipsius
310 2718 334 2784 g
354 2707 499 2780 respectu
513 2696 641 2760 unitatis
656 2695 824 2760 definietur
843 2708 984 2780 tempore
999 2693 1221 2758 eodemmodo
1235 2716 1396 2778 expresso,
1420 2716 1484 2780 quo

191 2826 271 2892 sque
291 2802 326 2866 in
351 2800 392 2867 M
414 2824 513 2888 usque
534 2801 683 2888 depressa
704 2803 769 2867 sold
792 2803 824 2867 vi
844 2803 1005 2891 gravitatis
1027 2825 1060 2867 se
1081 2802 1160 2866 inc
1183 2802 1369 2881 restitueret,
1396 2802 1483 2890 quod

188 4047 309 4125 tempus
330 4058 373 4145 ex
394 4036 635 4102 circumstantiis
649 4034 740 4100 facile
755 4038 870 4121 poterit
884 4035 1050 4100 estimari:
1073 4035 1212 4120 prodibit
1226 4047 1329 4098 nutem
1343 4055 1401 4120 per
1416 4033 1477 4099 cel·

184 4185 291 4252 culum
304 4202 431 4274 tempus
445 4186 538 4274 hujus
553 4185 755 4253 restitutionis
771 4209 804 4244 =
820 4172 864 4312 {-
883 4166 994 4272 sig,
1017 4185 1185 4249 denotante
1204 4209 1225 4245 re
1242 4181 1478 4269 semi-periphe-
1491 4242 1499 4272 Χ.

187 4363 267 4426 rism
282 4363 394 4428 circuli
413 4362 538 4427 rodium
558 4387 590 4420 =
613 4370 627 4425 1
652 4360 807 4437 habentis,
828 4383 883 4424 seu
898 4372 1022 4443 tempus
1036 4357 1201 4423 duodecim
1220 4321 1369 4422 horarum
1390 4356 1479 4421 luna·

187 4512 276 4576 rium.
324 4511 422 4589 Qudd
438 4513 464 4577 si
478 4513 573 4602 igitur
588 4511 742 4576 restitutio
764 4522 899 4594 ponatur
914 4521 984 4574 actu
999 4510 1068 4575 fieri
1090 4523 1231 4595 tempore
1256 4478 1295 4638 ln}
1318 4509 1477 4586 horarum,

517 4742 585 4818 etg
604 4754 636 4789 =
657 4697 732 4857 ᾖ,
749 4751 789 4793 ex
805 4749 868 4816 quo
882 4728 1080 4814 perspicuum
1096 4741 1152 4810 est,
1165 4727 1229 4816 qud
1243 4727 1334 4794 citids
1349 4750 1431 4815 uque
1445 4748 1479 4790 se

180 4897 313 4989 proprii
335 4899 392 4966 sui
414 4900 445 4966 vi
467 4902 629 4969 restituere
644 4901 754 4981 valeat,
777 4897 816 4965 ed
832 4899 933 4965 mimis
948 4923 1147 4968 excessurum
1161 4925 1230 4969 esse
1245 4901 1379 4990 spatium
1401 4901 1431 4965 A
1449 4898 1478 4964 B

810 5013 832 5061 Y
842 5018 859 5061 ὅ
