3330 5692
250 537 305 602 xri
730 539 1067 608 INTRODUCTIO
1400 539 1500 622 [Cur.
1518 541 1544 607 l.

298 718 350 776 15.
374 709 409 776 Si
430 708 570 797 quotidie
591 712 774 778 observetur
789 714 962 779 meridiana
977 715 1058 780 Solis
1073 708 1214 791 altitudo,
1231 713 1325 801 atque
1339 712 1414 778 inde
1428 736 1546 780 eruan-

250 832 303 883 tur
317 819 415 904 ipsius
430 819 606 898 declinatio,
622 823 761 886 ascensio
775 835 862 887 recte
876 835 908 888 et
922 822 1096 911 longitudo,
1118 822 1277 887 dabuntur
1292 835 1396 886 motus
1413 823 1496 887 Solis
1511 824 1545 886 in

251 925 404 1012 ecliptici,
426 938 530 991 motus
543 929 654 1011 puncti
675 928 892 994 declinationis
916 930 950 993 in
974 942 1134 1017 equutore
1154 943 1187 994 et
1208 929 1359 1014 temporis
1383 942 1545 995 momenta

251 1039 365 1125 quibus
379 1036 546 1102 declinatio
560 1039 610 1103 vel
624 1039 712 1104 nulla
725 1053 773 1104 est
787 1040 837 1105 vel
851 1041 997 1118 maxima,
1021 1063 1076 1105 seu
1097 1038 1258 1103 dabuntur
1282 1038 1544 1125 aequinoctiorum

251 1155 285 1209 et
304 1143 507 1209 solstitiorum
527 1159 688 1212 momenta
710 1149 768 1234 (4).
826 1147 928 1213 Porrd
942 1150 1142 1213 observatum
1164 1159 1290 1212 estnec
1313 1147 1544 1236 longitudinem

250 1276 310 1319 neo
324 1257 538 1321 ascensionem
552 1269 671 1321 rectum
687 1259 769 1324 Solis
784 1258 981 1324 uniformiter
996 1280 1135 1323 crescere
1150 1271 1181 1322 et
1194 1256 1329 1342 proinde
1344 1256 1411 1321 dies
1426 1257 1544 1321 solares

250 1385 319 1428 esse
340 1364 518 1450 inaequales.
564 1364 648 1428 Nam
670 1364 738 1429 dios
761 1365 871 1430 solaris
890 1379 938 1430 est
957 1378 1081 1452 tempus
1097 1365 1189 1429 rmius
1203 1363 1405 1429 revolutionis
1419 1363 1544 1428 diunroe

251 1474 334 1538 Solis
359 1498 379 1538 a
403 1475 579 1539 meridiano
596 1475 637 1540 ed
658 1476 794 1541 eundem
812 1477 1037 1554 meridianum3
1059 1475 1128 1540 dies
1144 1473 1283 1538 sidereus
1298 1494 1353 1538 seu
1367 1473 1463 1558 primi
1476 1495 1544 1538 mo-

249 1582 322 1646 bilis
349 1585 416 1669 (qui
442 1606 565 1669 semper
589 1583 673 1648 idem
698 1585 816 1665 manet)
841 1595 889 1648 est
913 1596 1038 1669 tempus
1064 1581 1268 1647 revolutionis
1295 1580 1419 1644 diurnae
1444 1581 1544 1646 stellre

250 1688 325 1752 fixae
351 1712 370 1752 a
391 1691 565 1755 meridiano
589 1691 631 1754 ad
652 1689 808 1755 eumdem.
856 1689 952 1756 Unde
966 1686 1038 1754 cdru
1053 1689 1110 1754 sol
1123 1701 1212 1753 motu
1226 1689 1359 1773 proprio
1373 1688 1414 1752 eb
1428 1709 1544 1755 occasu

250 1799 284 1861 in
299 1809 403 1862 ortum
418 1798 544 1879 feramr,
562 1801 588 1864 si
603 1801 692 1865 stella
707 1801 772 1865 fixa
787 1814 819 1865 et
835 1801 890 1866 Sol
905 1802 938 1864 in
952 1800 1065 1865 eodem
1079 1800 1253 1864 meridiano
1267 1797 1360 1863 simul
1374 1800 1544 1864 observen-

249 1921 312 1985 tur,
329 1908 419 1973 stella
440 1910 481 1973 ad
501 1910 647 1974 eumdem
661 1911 869 1976 meridianum
881 1908 971 1995 priris
985 1909 1102 1973 redibit
1116 1931 1210 1995 quam
1227 1909 1283 1975 Sol
1297 1908 1351 1995 qui
1365 1919 1455 1972 motu
1468 1928 1544 1992 pro·

248 2017 321 2100 prio
346 2015 455 2081 versits
479 2019 633 2084 orientem
657 2018 768 2083 tendit.
814 2019 964 2082 Attamen
985 2017 1011 2081 si
1032 2017 1173 2081 ascensio
1187 2027 1273 2080 recta
1294 2014 1376 2079 Solis
1391 2014 1544 2099 exipsius

248 2136 338 2188 motu
351 2125 482 2210 proprio
502 2125 536 2188 in
557 2125 699 2212 eclipticti
714 2124 911 2190 uniformiter
925 2137 1087 2202 cresceret,
1110 2123 1177 2188 dies
1199 2123 1327 2200 solares,
1345 2121 1419 2187 licet
1432 2121 1543 2186 diebus

249 2231 379 2297 sidereis
406 2233 573 2321 longiores,
599 2247 704 2299 essent
727 2248 832 2298 tamen
857 2234 939 2298 inter
962 2257 995 2298 se
1025 2234 1182 2321 aequales3
1219 2230 1328 2310 Quare
1358 2230 1431 2298 culm
1461 2232 1543 2298 Solis

249 2343 390 2409 escensio
406 2356 492 2408 recta
505 2367 570 2408 non
585 2358 736 2432 augeatur
749 2345 954 2422 uniformiter,
974 2365 1100 2408 necesse
1122 2355 1170 2407 est
1191 2354 1226 2406 ut
1245 2341 1313 2407 dies
1335 2341 1451 2407 soleres
1465 2344 1544 2406 inae·

250 2451 356 2538 quales
378 2451 451 2516 sint.
501 2452 603 2517 Simili
624 2452 722 2516 modo
742 2451 863 2516 collatis
878 2452 959 2515 inter
974 2473 1041 2514 sese
1063 2450 1321 2537 aequinoctiorum
1343 2461 1376 2514 et
1396 2450 1543 2516 solstitio-

251 2583 324 2626 rum
346 2561 615 2627 observationibus
641 2562 872 2648 deprehensum
897 2573 946 2624 est
970 2561 1076 2626 Solem
1101 2560 1265 2624 intervallo
1287 2568 1307 2624 8
1332 2557 1398 2624 ferd
1420 2560 1543 2624 dierum

250 2667 368 2735 diutitls
382 2672 500 2735 morari
514 2672 547 2734 in
562 2672 659 2760 signis
674 2671 852 2735 borealibus
867 2692 962 2757 quam
975 2670 1009 2733 in
1024 2669 1121 2756 signis
1135 2667 1341 2744 australibus3
1363 2689 1400 2731 ac
1414 2669 1542 2735 tandem
1572 2731 1577 2740 ,

248 2778 461 2848 comparando
482 2781 625 2866 antiquas
647 2779 879 2843 observationes
901 2777 943 2840 ad
964 2774 1235 2841 determinandum
1261 2787 1421 2839 momenta
1444 2778 1543 2864 oequi·

248 2892 426 2952 noctiorum
445 2888 495 2953 vel
515 2888 719 2953 solstitiorum
734 2910 807 2953 cum
824 2887 1061 2963 recentioribus,
1084 2884 1214 2950 definita
1228 2897 1276 2948 est
1290 2885 1446 2970 quantitas
1468 2889 1542 2950 anni

248 2997 483 3082 aequinoctialis,
507 2997 571 3061 sive
592 3010 715 3084 tempus
737 3020 800 3085 quo
823 2997 878 3063 Sol
898 3009 987 3061 motu
1010 2997 1141 3082 proprio
1155 2995 1196 3059 ab
1211 3017 1276 3059 uno
1290 2997 1481 3082 aequinoctio
1501 2997 1543 3062 ad

248 3103 333 3167 idem
352 3105 585 3191 aequinoctium,
601 3107 651 3170 vel
665 3107 705 3170 ab
721 3128 786 3170 uno
801 3105 935 3169 solstitio
950 3106 991 3169 ad
1005 3105 1090 3169 idem
1104 3104 1270 3168 solstitium
1283 3106 1487 3194 progreditur
1510 3121 1543 3172 et

246 3211 289 3277 ob
311 3212 493 3278 authoribus
517 3213 695 3277 Celenderii
712 3212 904 3299 Gregoriani
928 3210 1071 3286 Lahirio,
1094 3211 1227 3275 cassino
1241 3224 1274 3275 et
1291 3213 1478 3278 Blanchinio
1493 3213 1541 3278 in·

248 3333 342 3387 vente
356 3335 404 3386 est
419 3319 532 3387 365⁶*ss
548 3319 613 3386 5¹¹0‘·
630 3323 692 3386 49‘.

294 3439 344 3497 16.
366 3429 453 3495 Daui
475 3431 648 3516 quantitate
669 3432 744 3495 anni
763 3430 997 3518 aequinoctialis,
1021 3430 1114 3495 datur
1127 3445 1231 3497 motus
1249 3434 1330 3500 Solis
1344 3435 1466 3500 medius
1480 3456 1542 3521 pro

247 3541 390 3628 quolibet
415 3539 490 3604 dato
515 3554 666 3625 tempore,
694 3542 755 3608 hoc
775 3556 824 3608 est
844 3555 948 3608 motus
966 3544 1020 3630 qui
1044 3543 1110 3609 Soli
1132 3557 1323 3632 competeret
1337 3546 1364 3609 si
1378 3545 1542 3610 uniformi·

247 3665 296 3716 ter
320 3652 354 3715 in
379 3650 521 3737 eclipticit
547 3650 690 3716 ferretur.
752 3653 811 3718 Est
832 3653 916 3717 enim
932 3665 967 3718 ut
983 3651 1070 3719 865⁶.
1087 3650 1130 3718 5¹.
1147 3658 1208 3721 49'.
1224 3655 1266 3718 ad
1279 3667 1405 3740 tempus
1419 3654 1539 3732 dubim,

248 3759 293 3825 itd
318 3772 394 3828 360ο
415 3786 494 3851 quos
517 3763 571 3828 Sol
594 3764 669 3827 anni
691 3763 917 3851 aequinoctialis
933 3775 1074 3849 tempore
1088 3762 1237 3829 describit
1250 3765 1381 3849 proprio
1394 3775 1484 3828 motu
1498 3764 1540 3828 ad

247 3892 356 3934 orcum
381 3873 534 3958 eclipticoe
559 3872 634 3937 dato
659 3886 800 3959 tempore
825 3873 1063 3938 conficiendum.
1120 3872 1196 3940 Huc
1221 3873 1425 3960 proportione
1448 3894 1539 3938 orcus

249 3977 402 4064 eclipticre
417 4003 501 4044 anno
516 3982 675 4046 communi
690 3979 805 4048 865⁸*
822 3980 1046 4045 describendus
1068 3992 1115 4045 est
1138 3980 1191 4046 XI
1216 3983 1387 4070 Siguorum
1403 3988 1469 4048 29⁰.
1486 3984 1540 4047 45'

248 4088 320 4163 40⁰,
336 4086 388 4151 die
402 4110 467 4152 uno
482 4103 529 4156 est
545 4094 595 4157 59‘
611 4094 648 4156 δ”
664 4095 740 4168 20⁰¹,
756 4089 836 4154 hori
851 4088 913 4154 uni
929 4101 977 4155 est
990 4095 1019 4154 θ’
1035 4094 1105 4167 28⁰,
1124 4091 1246 4157 minuto
1262 4114 1327 4157 uno
1342 4103 1391 4157 est
1405 4095 1443 4156 Υ
1458 4095 1536 4157 28”’.

292 4196 395 4259 Arcus
417 4200 585 4283 aequatoris
607 4198 661 4287 qui
683 4197 758 4262 doto
780 4211 921 4283 tempore
936 4197 994 4261 sub
1010 4197 1192 4264 Meridiano
1206 4200 1317 4264 transit
1331 4199 1424 4264 simili
1437 4196 1536 4263 modo

246 4303 441 4381 invenietur3
473 4326 547 4369 nam
571 4318 730 4393 queratur
751 4327 841 4369 arcus
867 4304 1035 4390 aequutoris
1061 4303 1136 4369 dato
1164 4317 1306 4390 tempore
1332 4306 1455 4371 sidereo
1476 4305 1536 4370 sub

247 4410 421 4476 meridiano
442 4412 607 4490 transiens,
631 4412 800 4478 dicendum
822 4424 886 4476 est:
909 4425 944 4475 ut
966 4419 1007 4475 st
1029 4410 1118 4475 horae
1141 4412 1271 4480 sidereae
1286 4413 1326 4478 ad
1340 4428 1465 4500 tempus
1479 4413 1536 4479 da·

244 4535 323 4600 tum,
339 4520 383 4587 iut
398 4532 462 4589 860
476 4522 566 4610 grad.
582 4523 623 4587 od
637 4546 745 4588 orcum
760 4523 936 4610 quesitum,
952 4520 1066 4609 iserge
1077 4521 1155 4587 hori
1170 4521 1304 4587 unierit
1320 4530 1391 4599 15⁰3
1413 4523 1536 4589 minuto

246 4616 312 4695 urio
326 4630 429 4715 primo
447 4629 504 4709 15‘,
527 4630 651 4695 minuto
672 4629 897 4696 secund015''.
945 4625 1029 4693 Crim
1044 4642 1149 4695 autern
1166 4628 1222 4696 Sol
1236 4628 1289 4694 die
1302 4651 1366 4693 uno
1380 4628 1537 4697 describat

246 4753 334 4807 motu
360 4741 489 4827 proprio
513 4739 618 4806 medio
639 4740 680 4805 ad
702 4753 894 4829 oequatorem
916 4738 1017 4806 relato
1040 4760 1148 4804 arcum
1164 4744 1214 4805 59'
1230 4743 1267 4805 8'‘
1283 4743 1351 4804 20”’
1366 4739 1407 4803 ab
1421 4761 1536 4807 ocoesu
