3330 5692
461 622 650 690 FLUXUS
672 625 734 689 AC
758 621 1010 690 REFLUXUS
1033 620 1192 686 MARlS.
1402 631 1459 686 341

376 841 409 922 (9
423 834 505 922 P²p
521 849 552 914 ψ
570 834 737 920 p³—r⁵).
772 835 825 900 Ex
838 833 898 898 hac
912 834 1008 922 igitur
1016 832 1150 898 formula
1162 835 1309 920 sequitur,
1323 836 1349 898 si
1364 834 1465 900 Lunae

182 1007 350 1073 declinatio
371 1010 410 1074 sit
436 1010 522 1074 nulla
544 1034 598 1075 seu
614 1011 648 1087 Q
668 1035 699 1068 =
720 1021 750 1089 0,
773 1023 839 1074 tum
854 1008 975 1073 nussum
990 1009 1117 1072 omnino
1132 1023 1242 1073 aestum
1256 1010 1289 1072 in
1306 1010 1345 1075 M
1360 1011 1466 1074 obser·

183 1115 250 1178 vari
265 1115 390 1180 debere.
437 1116 534 1195 Quod
556 1118 582 1180 si
604 1129 707 1181 autem
729 1116 822 1180 Luna
841 1115 956 1179 habeat
974 1114 1142 1193 borealem,
1164 1128 1231 1179 tum
1246 1116 1286 1180 ad
1303 1117 1466 1180 transitum

1335 1220 1364 1284 L

184 1262 288 1327 Luuae
309 1287 367 1349 per
389 1264 594 1328 meridianum
616 1264 809 1348 superiorem
828 1283 942 1350 aquam
964 1262 1062 1327 attolli
1082 1261 1123 1325 ad
1144 1261 1277 1346 spatium
1296 1223 1458 1392 Ἧῖὶῖἳχ

184 1442 219 1521 (9
233 1433 321 1522 P²p
340 1449 373 1515 4
392 1436 496 1522 p³-
509 1461 526 1501 r
540 1438 584 1520 3);
606 1453 639 1502 at
657 1438 734 1503 dum
756 1438 849 1502 Luna
870 1438 903 1501 in
923 1437 1072 1501 alterutro
1094 1437 1210 1501 circulo
1231 1437 1356 1500 horario
1378 1448 1467 1501 sexto

185 1556 336 1622 versetur,
363 1557 429 1608 tum
453 1568 566 1631 aquam
590 1545 631 1608 ad
656 1545 792 1608 libellam
822 1544 995 1608 naturalem
1024 1543 1091 1608 fore
1119 1545 1336 1621 constitutam3
1374 1542 1465 1608 Luni

182 1666 292 1719 autem
313 1653 395 1718 infra
415 1654 608 1719 horizontem
622 1654 663 1718 ad
684 1654 887 1718 meridianum
904 1653 1088 1738 appellente,
1110 1676 1220 1739 aquam
1237 1652 1317 1716 infra
1330 1652 1467 1716 libellam

184 1802 370 1888 depressum
383 1805 422 1868 iri
435 1828 493 1890 per
509 1807 641 1889 spatium
661 1833 693 1867 =
713 1766 829 1933 ἓξὲξ
848 1809 880 1889 (9
897 1803 986 1888 P⁹p
1005 1816 1037 1881 ÷
1057 1802 1163 1889 p³—
1177 1827 1194 1867 r
1208 1803 1253 1886 3);
1277 1807 1466 1870 contrarium

184 1973 322 2061 denique
342 1975 408 2039 fore
428 1989 548 2054 aeatum,
572 1978 597 2040 si
623 1977 716 2041 Luna
737 1976 849 2041 habeat
870 1976 1107 2040 declinationem
1129 1977 1305 2041 australem.
1352 1978 1390 2041 In
1412 1977 1467 2040 tali

184 2084 283 2172 igitur
303 2087 397 2150 maris
419 2098 520 2151 tractu
542 2088 680 2173 quotidie
701 2089 794 2151 semel
810 2101 929 2152 tanturn
944 2111 1024 2173 aqua
1039 2087 1153 2165 affluet,
1176 2088 1332 2175 semelque
1348 2089 1466 2165 refluet,

186 2196 215 2258 si
230 2196 358 2280 quidem
374 2196 466 2260 Luna
479 2195 593 2260 habeat
607 2197 844 2262 declinationem
856 2221 865 2273 ς
887 2220 959 2259 nam
974 2197 1000 2259 si
1016 2195 1108 2259 Luna
1122 2209 1310 2283 aequatorem
1325 2209 1467 2281 occupat,

186 2314 282 2365 aestus
297 2301 424 2366 omnino
439 2304 498 2367 erit
512 2302 626 2367 nullus.

232 2414 257 2491 ᾖ.
276 2417 347 2474 130.
371 2409 423 2475 Ex
444 2409 505 2474 hoc
527 2433 601 2474 casu
623 2409 778 2495 aptissime
804 2409 952 2494 explicari
977 2433 1069 2495 posse
1093 2411 1215 2474 videtur
1240 2410 1468 2494 phaenomenon

185 2514 266 2579 illud
282 2516 375 2580 aestfis
391 2517 565 2605 singularis,
589 2517 690 2603 quiin
704 2528 798 2601 portu
814 2516 974 2602 Tunqnini
989 2517 1027 2579 ad
1045 2516 1193 2580 Batsham
1208 2518 1397 2595 observatur,
1416 2521 1468 2583 ubi

186 2625 318 2689 omnino
338 2639 373 2690 ut
394 2627 428 2690 in
448 2640 602 2710 praesente
624 2649 698 2689 casu
711 2625 788 2688 dum
803 2624 896 2688 Luna
911 2627 943 2688 in
958 2638 1115 2711 aequatore
1128 2638 1279 2702 versatur,
1299 2648 1384 2689 mare
1398 2627 1469 2690 nul·

187 2733 256 2796 lum
278 2745 389 2799 aestum
411 2733 519 2807 sentit3
542 2745 573 2796 at
594 2730 669 2794 dum
693 2731 785 2794 Luna
799 2744 974 2794 removetur
989 2731 1029 2793 ab
1043 2743 1201 2815 aequatore
1216 2731 1263 2792 vel
1284 2729 1391 2794 versris
1411 2732 1469 2796 bo-

186 2862 274 2904 ream
296 2839 345 2903 vel
366 2838 471 2903 versiis
494 2851 641 2914 austrum,
669 2837 806 2923 quotidie
827 2860 907 2923 aqua
928 2837 1021 2899 semel
1048 2849 1167 2899 tantum
1193 2835 1290 2898 affluit
1313 2838 1469 2925 semelque

185 2946 301 3023 refluit,
323 2967 452 3030 prorsus
474 2957 509 3009 ut
530 2944 666 3008 calculus
686 2945 887 3019 monstravit3
911 2943 1027 3006 scilicet
1041 2943 1067 3005 si
1082 2943 1184 3006 Lunae
1199 2942 1364 3008 declinatio
1378 2944 1470 3012 fuerit

186 3054 333 3130 borealis,
356 3077 437 3140 aqua
453 3051 559 3117 versds
583 3055 684 3117 Lunae
699 3076 853 3130 occasum,
876 3052 936 3116 hoc
951 3065 998 3116 est
1019 3066 1090 3137 post
1104 3052 1267 3116 transitum
1291 3053 1392 3118 Lunae
1412 3079 1469 3140 per

186 3160 395 3225 meridianum
409 3183 503 3244 super
517 3161 688 3237 horizonte,
705 3159 811 3237 affluit,
827 3158 933 3225 versris
949 3172 1051 3223 ortum
1067 3158 1140 3223 vero
1155 3159 1271 3237 defluit,
1288 3184 1357 3246 quae
1372 3179 1469 3228 retar-

189 3269 277 3333 datio
299 3270 339 3333 ab
360 3268 470 3332 inertia
493 3291 581 3354 aquae
603 3281 635 3331 et
655 3282 743 3330 motu
765 3267 806 3331 ad
827 3266 930 3331 littora
945 3267 1108 3350 provenire
1122 3265 1303 3353 intelligitur
1317 3283 1352 3331 ut
1366 3267 1469 3352 supra.

189 3376 312 3442 Contra
332 3376 407 3441 vero
430 3378 456 3440 si
480 3377 581 3441 Lunae
603 3377 769 3440 declinatio
786 3376 825 3440 sit
847 3375 999 3453 australis,
1022 3398 1103 3461 aqua
1116 3375 1300 3460 deprimitur
1323 3376 1413 3440 Luni
1429 3378 1471 3441 ad

187 3509 335 3552 occasum
358 3486 534 3563 inclinante,
562 3485 653 3550 Luna
682 3499 785 3549 autem
810 3487 938 3562 oriente,
970 3485 1135 3549 attollitur:
1170 3509 1240 3571 quae
1263 3486 1471 3570 phaenomena

187 3593 331 3680 apprime
346 3594 534 3658 conveniunt
549 3615 620 3657 cum
635 3616 708 3657 casu
723 3593 818 3656 modo
833 3594 984 3678 exposito.
1027 3593 1085 3656 Est
1098 3607 1248 3677 praeterea
1262 3595 1391 3658 elevatio
1405 3596 1469 3679 poli

188 3700 353 3787 Tunqnini
368 3709 432 3765 20⁰.
449 3704 509 3765 50'.
528 3700 671 3776 borealis,
687 3712 779 3786 atque
793 3723 878 3763 mare
893 3700 1037 3784 utrinque
1052 3698 1123 3762 crim
1144 3701 1318 3764 Peninsulis
1333 3700 1400 3766 trim
1416 3703 1470 3767 ln-

188 3809 265 3873 sulis
280 3808 321 3873 ab
336 3821 468 3893 utroque
485 3806 613 3873 Oceano
630 3806 767 3870 Pacifico
783 3820 813 3871 et
829 3805 939 3870 Indico
953 3805 1017 3869 fere
1035 3828 1161 3891 prorsus
1176 3820 1344 3891 separatur,
1361 3809 1469 3873 saltem

190 3932 227 3983 ut
247 3919 348 3983 libera
362 3920 603 3983 communicatio
623 3941 689 3983 non
710 3919 806 3982 adsit:
830 3932 981 4003 praeterea
995 3917 1047 3982 hic
1061 3918 1143 3981 idem
1158 3920 1252 3982 maris
1269 3933 1394 3996 tractus,
1417 3922 1468 4006 qui

189 4026 302 4092 versris
323 4028 450 4091 boream
472 4027 512 4090 ad
534 4027 638 4090 littora
666 4028 769 4114 Regni
791 4026 952 4112 Tunqnini
975 4026 1164 4101 terminatur,
1190 4026 1366 4089 extenditur
1389 4027 1470 4090 ultra

190 4149 380 4222 aquatorem
401 4134 442 4198 ad
467 4135 583 4223 gradus
608 4135 729 4198 circiter
750 4142 802 4198 45.
826 4135 912 4218 cujus
934 4132 1103 4196 latitudinis
1125 4133 1210 4196 sinus
1230 4133 1351 4197 circiter
1372 4131 1469 4217 duplo

190 4243 289 4327 major
304 4253 362 4318 est,
386 4238 480 4325 quim
495 4240 580 4303 sinus
602 4240 772 4321 latitudinis
794 4239 926 4302 borealis
948 4237 1011 4302 20⁰.
1029 4240 1106 4303 51'.:
1130 4239 1276 4323 quocirca
1290 4261 1329 4303 ex
1347 4238 1395 4301 his
1410 4240 1469 4302 cir·

192 4347 385 4412 cumstantiis
396 4369 453 4431 per
464 4359 603 4410 nostram
616 4346 766 4409 theoriam
777 4345 886 4409 eadem
901 4346 969 4429 ipsa
980 4345 1147 4432 singularia
1161 4343 1366 4429 phaenomena
1376 4346 1469 4410 aestlis

160 4480 163 4484 ·
194 4459 285 4522 maris
301 4456 460 4521 observari
479 4457 604 4532 debent,
625 4476 695 4540 quae
710 4467 781 4518 actu
796 4454 1017 4517 observantur:
1042 4467 1133 4539 atque
1148 4453 1209 4518 hoc
1222 4453 1317 4517 modo
1331 4455 1357 4517 si
1371 4455 1467 4519 ullum

196 4564 293 4629 adhuc
316 4563 447 4627 dubium
469 4565 552 4627 circa
574 4576 711 4625 nostram
733 4562 886 4625 theoriam
912 4561 1064 4647 reliquum
1086 4561 1201 4640 suisset,
1228 4562 1261 4627 id
1284 4563 1463 4633 resolutione

197 4670 282 4760 hujus
296 4672 447 4736 mirabilis
462 4671 662 4756 phaenomeni
677 4668 815 4734 funditus
831 4669 985 4732 sublatum
1000 4669 1037 4731 iri
1052 4669 1246 4734 confidimus.

220 4937 240 4984 v
284 4944 312 4991 H
509 4878 606 4928 FlNlS
625 4877 754 4926 PRIMAE
769 4874 901 4989 Pffi'l'ls
913 4875 1191 4927 TOMISEGUNDI.

240 4954 275 4992 01..
313 4979 320 4990 .
