3330 5692
180 546 244 605 260
429 535 696 613 INQUlSlTlO
721 534 924 601 PHYSICA
949 535 997 600 IN
1022 536 1218 603 CAUSAM

180 714 268 798 cujus
283 712 449 796 explicatio
464 734 539 776 mox
554 713 626 776 satis
642 711 778 777 dilucide
793 726 840 776 est
855 713 1011 776 subversa.
1058 714 1208 797 Superest
1222 712 1359 799 denique
1379 712 1476 777 Nerv-

179 823 247 886 toni
272 821 401 899 theoria,
424 845 496 908 quae
523 823 646 886 nemine
672 823 903 886 contradicente
932 822 1148 906 phaenomenis
1174 821 1274 887 multo
1299 825 1404 910 magis
1430 837 1476 887 est

180 946 406 997 consentanca:
434 947 466 996 at
483 934 516 996 in
538 957 575 996 ea
597 933 629 997 id
653 934 753 1016 ipsum
775 932 861 1019 quod
883 932 943 996 hoc
965 932 1036 995 loco
1058 932 1218 1017 quaeritur,
1241 955 1335 995 causa
1357 933 1476 996 scilicet

177 1044 315 1131 physica,
340 1066 403 1108 uon
425 1045 611 1131 assignatur,
635 1042 691 1106 sed
711 1041 816 1127 potiris
840 1043 880 1107 ad
902 1038 1065 1129 qualitates
1091 1041 1228 1105 occultas
1256 1042 1368 1105 referri
1390 1040 1475 1106 vide·

178 1167 248 1229 tur3
271 1152 396 1216 interim
417 1164 522 1215 tamen
544 1174 584 1214 ne
606 1149 675 1213 haec
697 1150 823 1235 quidem
846 1150 967 1214 theoria
988 1150 1061 1213 satis
1082 1161 1129 1212 est
1143 1148 1279 1225 evoluta,
1302 1163 1340 1212 ut
1353 1149 1396 1213 de
1410 1152 1475 1236 ejus

179 1258 244 1323 sive
268 1280 420 1323 consensu
446 1259 511 1321 siva
536 1257 678 1320 dissensu
705 1279 777 1320 cum
799 1256 1067 1320 observationibus
1087 1255 1244 1341 judicium
1270 1256 1347 1319 satis
1374 1270 1473 1320 tutum

153 1365 156 1371 ’
178 1363 252 1429 ferri
271 1377 373 1450 queat.

221 1480 245 1556 l.
265 1483 296 1539 6.
324 1472 406 1537 cum
432 1471 527 1559 igitur
551 1474 682 1537 dubium
708 1473 748 1537 sit
773 1473 904 1550 nullum,
927 1473 1003 1559 quin
1024 1471 1131 1538 fluxlrs
1153 1495 1190 1538 ac
1212 1473 1356 1538 refluxirs
1381 1474 1470 1537 maris

179 1605 273 1648 causa
294 1583 327 1645 in
349 1581 467 1644 viribus
489 1582 625 1645 externis
647 1594 678 1645 et
699 1581 834 1645 realibus
857 1581 897 1644 sit
917 1582 1028 1665 posita,
1052 1603 1123 1667 quae
1145 1583 1170 1644 si
1190 1595 1361 1659 cessarent,
1384 1578 1469 1644 simiel

179 1703 273 1753 aestus
288 1688 383 1750 maris
397 1709 472 1750 mox
487 1700 693 1764 evanesceret,
718 1688 771 1751 ubi
795 1687 910 1750 lateant
930 1686 981 1749 hae
995 1688 1075 1751 vires
1091 1700 1122 1750 et
1137 1686 1299 1772 quomodo
1315 1689 1378 1751 sint
1390 1708 1468 1751 oom-

181 1810 299 1883 paratae
320 1795 517 1880 potissimum
540 1796 629 1859 nobis
645 1797 703 1860 crit
718 1796 948 1881 explicandum,
971 1795 1033 1859 hoc
1047 1797 1131 1860 enim
1145 1809 1194 1860 est
1208 1797 1241 1860 id
1257 1799 1375 1882 ipsum,
1391 1795 1464 1884 quod

180 1906 383 1971 celeberrima
395 1905 568 1969 Academia
585 1906 790 1971 Scientiarum
808 1906 911 1993 Regia
926 1906 956 1968 in
970 1906 1142 1992 quaestione
1157 1905 1321 1990 propositi
1336 1905 1461 1993 requirit

181 2013 294 2099 Neque
319 2010 394 2075 veri>
419 2012 501 2077 vires
525 2011 744 2075 tantummodi)
770 2013 923 2076 indicasse
952 2012 1093 2089 sufficiet,
1120 2010 1233 2076 veriam
1262 2011 1460 2098 praeteredil

179 2122 316 2189 maxime
341 2124 400 2187 erit
425 2124 672 2200 monstrandum,
695 2124 853 2210 quomodo
875 2125 942 2188 istae
964 2125 1044 2188 vires
1066 2136 1170 2211 agant,
1193 2136 1289 2210 atque
1312 2124 1370 2189 hos
1390 2127 1457 2211 ipsa

180 2231 317 2307 effectus,
341 2253 420 2316 quos
435 2231 647 2306 observamus,
664 2252 728 2293 non
743 2229 818 2294 vero
834 2230 910 2294 alios
925 2230 1101 2315 producant
1110 2254 1120 2306 3
1144 2231 1176 2292 in
1198 2229 1261 2293 hoc
1282 2231 1366 2295 eninr
1380 2231 1455 2295 toria

180 2337 360 2424 quaestionis
382 2336 487 2414 cardo,
512 2337 728 2420 explicationis
750 2338 868 2402 scilicet
894 2337 1100 2414 confirmatio,
1127 2339 1270 2402 vertitur.
1317 2339 1453 2416 Quonim

181 2460 285 2509 autern
301 2443 485 2529 plemmque
505 2444 647 2528 pluribus
661 2445 779 2508 viribus
795 2445 1010 2532 excogitandis
1029 2445 1111 2509 idem
1127 2445 1361 2529 phaenomenou
1374 2445 1452 2531 expli·

179 2559 243 2623 curi
259 2570 371 2643 potest,
387 2557 524 2621 studium
539 2547 751 2620 adhibendum
767 2569 815 2620 est
828 2579 983 2620 summum
1004 2557 1036 2619 in
1058 2556 1118 2619 hac
1139 2557 1352 2645 indagatione,
1373 2553 1447 2620 need

179 2670 260 2734 vires
283 2669 389 2734 inanes
412 2681 505 2754 atque
530 2668 727 2755 imaginarias
751 2668 941 2746 delabamur,
970 2690 1040 2755 quoe
1066 2671 1097 2732 in
1124 2669 1246 2734 mundo
1269 2692 1369 2757 neque
1394 2678 1450 2734 tuat

180 2798 281 2863 neque
296 2775 405 2840 locum
429 2775 543 2839 habere
565 2788 705 2860 possunt.
753 2777 870 2840 Parum
886 2777 968 2841 enim
985 2777 1121 2840 scientiae
1135 2776 1270 2840 naturali
1293 2775 1445 2845 consulum

179 2884 232 2972 qui
249 2885 359 2971 quovis
372 2883 581 2968 phaenomeno
596 2883 702 2947 oblato
718 2885 776 2948 sibi
792 2908 850 2970 pro
865 2886 994 2950 arbitrio
1005 2885 1114 2949 mundi
1130 2899 1325 2949 structuram
1338 2883 1448 2972 maulia·

179 3015 245 3057 rem
266 2992 427 3080 effingunt,
450 3015 551 3078 neque
567 3005 640 3056 sunt
654 2993 786 3070 solliciti,
810 2992 913 3059 utrdm
930 3018 966 3058 ea
981 3017 1148 3082 compages
1163 3018 1236 3059 cum
1251 2997 1320 3060 aliis
1338 2995 1443 3080 phreno-

179 3102 282 3167 menis
300 3101 468 3164 consistere
490 3114 593 3185 queat,
618 3123 657 3163 an
681 3099 754 3163 veri>
770 3099 868 3164 seclis.
916 3099 1013 3177 Queat
1029 3102 1054 3164 si
1070 3103 1153 3164 enim
1170 3105 1237 3186 jam
1254 3102 1376 3166 aliunde
1389 3118 1445 3164 con·

180 3224 241 3272 stet
255 3210 387 3273 existere
402 3210 433 3271 in
450 3209 568 3271 mundo
583 3208 733 3293 ejusmodi
750 3208 840 3284 vires,
853 3231 924 3294 quae
939 3209 1044 3272 oblato
1056 3208 1179 3271 effectui
1194 3209 1393 3293 producendo
1400 3205 1444 3269 sint

180 3337 280 3399 pares,
298 3313 410 3379 frustrd
426 3338 518 3378 omne
534 3314 669 3378 studium
687 3316 718 3377 in
731 3315 956 3400 conquisitione
970 3315 1081 3378 virium
1092 3336 1245 3377 novarum
1257 3315 1442 3379 collocantur·

221 3428 245 3504 p.
263 3432 293 3490 7.
317 3421 475 3497 Quoniam
492 3438 595 3485 autem
611 3423 651 3486 ad
668 3445 792 3486 causam
809 3423 957 3508 cujusque
971 3423 1171 3507 phaenomeni
1187 3422 1395 3511 detegendam,
1412 3413 1439 3480 tl

184 3529 320 3616 singulas
342 3529 588 3593 circumstantias
611 3529 720 3593 seduli)
742 3530 901 3594 attendere
924 3553 1049 3594 necesse
1071 3546 1126 3607 est,
1152 3544 1223 3594 ante
1239 3533 1345 3594 omnia
1357 3522 1441 3593 mirit-

179 3659 249 3700 curu
276 3658 460 3699 consensum
487 3636 580 3700 oestirs
608 3639 701 3701 araris
727 3660 798 3700 cum
821 3653 908 3701 motu
936 3639 1037 3700 Lunae
1064 3638 1269 3722 contemplari
1296 3633 1440 3703 conveniti-

182 3741 258 3806 Non
279 3743 380 3810 soltim
402 3747 486 3809 enim
508 3747 637 3833 insignis
660 3748 824 3811 harmonia
839 3750 919 3811 inter
934 3762 1045 3812 aestum
1059 3750 1165 3826 maris,
1183 3774 1220 3813 ac
1237 3750 1337 3814 Luna·
1350 3758 1440 3813 mamm

179 3852 325 3919 diurnum
347 3853 602 3939 deprehenditur,
625 3856 795 3920 sedetiam
817 3857 969 3920 revolutio
992 3857 1142 3942 synodica
1156 3873 1300 3942 respectu
1317 3857 1389 3923 Solis
1405 3850 1438 3911 ill*

180 3979 306 4050 gentem
328 3968 420 4035 affert
439 3967 629 4030 varietatem,
676 3967 797 4031 Omnes
820 3967 954 4053 denique
975 3970 1208 4033 observationes
1228 3968 1351 4034 abunde
1364 3959 1440 4032 darb-

179 4085 250 4133 rant
264 4073 415 4136 rationem
430 4073 534 4136 fluxirs
557 4086 587 4136 et
609 4074 748 4137 refluxus
764 4076 858 4138 maris
873 4099 891 4138 a
907 4077 967 4139 situ
983 4074 1053 4138 crim
1080 4076 1182 4140 Lunoe
1197 4090 1265 4141 tum
1281 4079 1369 4141 etiam
1383 4063 1439 4137 Solll

180 4178 369 4261 conjunctim
391 4180 546 4264 pendere:
574 4203 613 4244 ex
638 4205 700 4267 quo
723 4183 825 4246 statim
847 4205 948 4266 prono
970 4185 1133 4248 ratiocinio
1155 4187 1362 4272 consequitur,
1382 4179 1438 4243 tif*

180 4284 248 4347 illas
263 4298 374 4349 aestum
389 4288 483 4350 maris
498 4288 715 4371 producentes,
733 4312 927 4376 quaecunque
942 4292 1035 4354 etiam
1051 4294 1122 4369 sint,
1140 4290 1212 4357 crim
1230 4292 1352 4356 Lunam
1369 4279 1438 4376 poo't·

179 4388 303 4466 similat,
327 4390 394 4455 ttim
416 4391 491 4455 veri)
506 4395 598 4457 etiam
624 4395 729 4460 Solem
745 4398 898 4479 respicere
915 4397 1038 4461 debere.
1086 4399 1302 4474 Quamobrem
1318 4383 1438 4481 imprinis

178 4498 271 4562 nobis
286 4500 345 4563 erit
360 4502 591 4593 inquirendum,
608 4518 713 4568 utrum
729 4506 880 4590 ejusmodi
897 4509 976 4571 vires
993 4510 1099 4573 Solem
1115 4523 1146 4572 et
1162 4511 1288 4572 Lunam
1304 4501 1438 4592 respiciet·

179 4622 236 4682 tes,
264 4628 335 4692 quae
361 4609 394 4670 in
418 4611 505 4695 aquis
531 4612 624 4675 talem
650 4613 804 4689 effectum,
833 4614 932 4699 qualis
961 4629 1008 4680 est
1037 4631 1129 4680 aestus
1159 4618 1263 4694 maris,
1294 4614 1439 4701 producere

180 4725 306 4798 queant,
325 4713 397 4796 jure
419 4737 456 4779 ac
477 4718 596 4782 ratione
619 4721 712 4783 statui
734 4721 863 4804 possint,
887 4744 926 4783 an
950 4720 1048 4785 sectis.
1098 4724 1147 4786 Ac
1163 4723 1188 4784 si
1211 4722 1351 4807 pluribus
1364 4706 1444 4783 madiS

180 4822 354 4888 istiusmodi
384 4824 465 4888 vires
490 4828 595 4892 animo
624 4831 788 4913 concipere
817 4829 918 4907 liceat,
950 4830 1116 4919 diligenter
1141 4833 1200 4895 erit
1229 4825 1448 4917 d'apiciendum·
