3330 5692
601 513 663 581 ΕΤ
687 510 939 577 REFLUXUS
964 509 1123 574 MARIS.
1235 523 1240 533 '
1438 525 1500 586 237

206 685 399 751 macularum
421 687 508 752 Jovis
530 687 570 751 ab
592 687 778 751 astronomis
799 685 977 748 observatas
1000 684 1073 748 hinc
1094 683 1196 771 aliqud
1218 683 1327 748 saltem
1347 707 1387 748 ex
1407 704 1499 772 parte

205 812 312 859 ortum
333 795 463 874 ducere3
486 794 571 884 qudd
591 798 617 861 si
634 797 685 859 hae
703 797 890 861 mutationes
905 817 974 858 eam
990 794 1166 881 analogiam
1185 816 1310 858 servare
1325 795 1499 881 deprehen·

205 904 323 968 dantur
344 926 415 968 cum
438 904 613 989 aspectibus
637 904 813 981 satellitum,
839 924 932 990 quam
953 901 1023 964 haec
1043 901 1187 964 doctrina
1206 900 1353 985 postulat,
1380 905 1498 970 indicio

204 1015 265 1077 erit
291 1035 395 1076 veram
420 1034 528 1076 earum
552 1035 677 1076 censam
696 1011 770 1074 hinc
789 1033 857 1074 esse
878 1008 1056 1094 petendam.
1103 1007 1155 1071 Ex
1176 1006 1238 1071 hic
1259 1007 1401 1074 doctrinis
1424 1011 1499 1078 licet

204 1148 329 1212 quoqne
344 1125 497 1210 conjicere
510 1146 574 1186 non
589 1124 706 1210 absque
723 1122 862 1199 utilitate,
885 1134 989 1184 motus
1003 1118 1173 1183 satellitum
1188 1120 1361 1197 circaaxes
1377 1143 1451 1185 suos
1466 1137 1497 1188 et

204 1233 288 1295 circa
310 1232 476 1316 primarios
499 1232 541 1295 ita
558 1232 747 1315 compositos
767 1252 834 1293 esse
852 1241 887 1296 ut
904 1227 986 1291 idem
1002 1225 1248 1310 hemispherium
1260 1227 1324 1291 suis
1338 1229 1496 1312 primariis

203 1364 327 1427 semper
349 1341 524 1419 ostendant,
548 1342 720 1405 secundum
742 1342 926 1405 sententiam
948 1339 1045 1403 celeb.
1070 1353 1331 1403 astronomorum.
1377 1343 1496 1408 Verisi-

202 1451 277 1515 mile
298 1453 382 1515 enim
404 1465 452 1515 est
472 1464 575 1515 motus
590 1451 683 1515 maris
698 1451 809 1514 nimios
825 1452 857 1512 in
872 1448 1055 1512 satellitibus
1071 1448 1145 1510 cieri
1160 1447 1278 1525 deberi,
1302 1450 1329 1512 si
1349 1471 1417 1516 cunr
1435 1453 1496 1517 aliti

201 1561 312 1648 quivis
333 1561 496 1626 velocitate
518 1562 600 1626 circa
621 1584 696 1625 axes
719 1583 791 1624 suos
812 1559 1062 1636 revolverentur3
1086 1561 1174 1645 aquis
1189 1573 1294 1624 autem
1314 1562 1348 1624 in
1364 1561 1414 1626 his
1429 1564 1495 1651 agi·

200 1669 306 1734 tendis
322 1671 361 1755 (si
377 1691 448 1756 quae
463 1671 537 1750 sint)
553 1669 694 1734 sufficere
707 1682 840 1754 possunt
855 1680 950 1732 aestus
966 1689 1007 1731 ex
1022 1668 1115 1730 variis
1131 1668 1299 1732 satellitum
1313 1669 1494 1735 distantiisa

199 1782 267 1846 suis
281 1782 440 1866 primariis
454 1780 607 1845 oriundis.

714 2036 900 2111 SECTIO
928 2037 994 2110 IV.

251 2229 307 2291 De
320 2237 400 2290 motu
415 2227 508 2289 moris
522 2223 666 2309 quatenus
680 2246 717 2286 ex
731 2235 811 2287 motu
830 2224 961 2287 Telluris
975 2227 1085 2287 dim-no
1099 2226 1207 2288 aliisve
1222 2227 1259 2287 de
1274 2227 1370 2288 eurisis
1385 2227 1440 2287 im·

240 2322 243 2326 ’
781 2345 922 2398 mutatur.

239 2531 451 2598 Ostendimus
471 2532 505 2593 in
526 2531 670 2596 Sectione
690 2529 881 2614 praecedenti
901 2529 1039 2593 Terram
1053 2528 1183 2592 fluidam
1200 2528 1306 2595 versiis
1323 2529 1427 2594 Solem
1443 2529 1492 2592 vel

180 2640 330 2706 Lunam
351 2639 523 2725 inreqaliter
545 2661 672 2726 gravem
695 2638 880 2722 sphaeroidis
896 2638 1042 2725 oblongae
1057 2637 1193 2723 figuram
1216 2639 1345 2702 induere
1360 2638 1409 2702 del
1422 2660 1491 2710 ere3

175 2749 287 2833 cujus
310 2745 379 2809 axis
401 2756 593 2809 transversus
614 2766 671 2827 per
693 2761 833 2808 centrum
853 2743 1013 2807 luminaris
1036 2740 1121 2806 tran-

180 2856 287 2930 siret,
315 2853 343 2915 si
367 2851 469 2915 Terra
494 2874 558 2914 non
582 2850 793 2915 revolveretur
813 2851 895 2914 circa
912 2871 1003 2913 axem
1032 2872 1123 2913 snum
1342 2833 1375 2887 G

169 2975 288 3027 motu
300 2959 435 3036 diurno;
457 2973 489 3024 et
500 2982 662 3023 ascensum
677 2980 767 3044 aquae
782 2959 815 3020 in
830 2956 995 3043 hypothesi
1010 2957 1121 3021 Terrae

169 3067 390 3159 quiescentis
414 3090 454 3131 ex
471 3069 503 3130 vi
528 3067 609 3132 Solis
625 3068 793 3131 oriundum
807 3066 1013 3129 definivimus.
1058 3065 1122 3129 Ve-

167 3181 267 3245 rum
284 3177 331 3241 ob
345 3188 465 3240 motum
481 3175 592 3239 Terrae
607 3175 729 3239 diversa
744 3187 790 3238 est
804 3174 883 3237 ratio
900 3174 994 3238 aestirs
1016 3175 1119 3238 maris.
1173 3184 1203 3242 K

171 3286 289 3354 Hinc
304 3285 391 3349 enim
405 3307 487 3371 aqua
500 3307 660 3371 nunquam
675 3285 712 3348 fit
725 3285 759 3347 in
773 3284 957 3370 aequilibrio,
979 3285 1034 3348 sed
1048 3307 1120 3369 per-

164 3395 301 3480 petuis
330 3392 466 3456 motibus
490 3393 633 3478 agitetur.
704 3395 924 3478 Supponamus
956 3393 1061 3459 Solem
1090 3408 1122 3459 et

168 3502 327 3570 Lunam
354 3502 536 3585 conjunctos
561 3500 610 3563 vel
636 3501 795 3585 oppositos
821 3505 937 3566 versari
964 3503 997 3565 in
1025 3502 1121 3587 plano

164 3609 368 3698 aequatoris
384 3609 415 3671 A
428 3607 456 3671 Β
467 3608 515 3671 ab
523 3632 533 3685 3
549 3608 588 3672 sit
600 3609 659 3672 Aa
673 3608 824 3674 diameter
838 3634 910 3697 quae
923 3633 980 3696 per
994 3611 1119 3675 illorum
1164 3625 1192 3691 1,

167 3736 308 3787 centra
338 3718 460 3796 transit,
492 3718 521 3781 B
543 3717 565 3782 b
593 3717 668 3783 huic
697 3720 973 3804 perpendicularis.
1031 3719 1120 3786 Dum

169 3847 289 3914 aquoe
303 3825 404 3891 moles
420 3824 590 3889 revolvitur
608 3840 695 3891 motu
717 3828 841 3906 diurno,
865 3841 1019 3917 augentur
1039 3829 1119 3892 vires

170 3934 313 4021 quibus
329 3954 478 3997 ascensus
495 3935 562 4019 ejus
576 3948 777 4018 promovetur
796 3937 829 3999 in
847 3939 980 4001 transitu
993 3959 1083 4023 aquae
1101 3960 1120 4000 a

170 4037 274 4105 locis
290 4038 360 4104 bet
373 4039 453 4105 Bad
470 4043 501 4106 A
516 4055 547 4106 et
561 4066 589 4120 a,
614 4056 645 4107 et
666 4046 698 4107 in
714 4043 762 4107 his
777 4044 853 4109 locis
870 4046 1006 4110 evadunt
1020 4046 1120 4109 maxi·

175 4168 277 4223 mae3
302 4170 450 4213 ascensus
465 4163 569 4215 temen
587 4175 678 4237 aquae
699 4155 864 4241 prorogari
881 4154 1013 4231 videtur,
1033 4167 1119 4238 post-

179 4256 293 4344 quim
309 4258 362 4321 hae
381 4261 461 4323 vires
481 4262 579 4324 minui
597 4277 760 4347 coeperunt
782 4287 880 4351 usque
898 4263 962 4328 ferd
985 4263 1026 4327 ad
1048 4263 1118 4327 loca

164 4374 168 4387 “
183 4364 255 4428 nbi
277 4363 329 4428 hm
351 4366 433 4431 vires
456 4368 658 4454 aequipollent
672 4369 790 4433 viribus
805 4370 918 4456 quibus
934 4370 1119 4455 deprimitur

188 4467 281 4534 infra
294 4471 490 4537 altitudinem
506 4498 600 4561 quam
614 4477 798 4542 naturaliter
812 4478 977 4554 obtineret,
994 4480 1021 4542 si
1034 4476 1120 4542 nulld

194 4577 228 4639 vi
262 4580 407 4645 extranei
435 4595 538 4646 motus
568 4606 657 4670 aquoe
685 4587 942 4670 perturbaretur3
982 4585 1061 4651 oded
1090 4599 1127 4651 ut

198 4701 304 4753 motus
323 4714 414 4779 nqnae
435 4694 626 4758 considerari
648 4697 747 4780 possit
769 4710 921 4786 tanquam
949 4699 1139 4778 libratorius,
1164 4711 1196 4765 et
1220 4696 1403 4765 tantundem
1428 4690 1493 4759 leti

201 4796 348 4956 “gmdlclt
360 4800 480 4869 viribus
494 4803 609 4891 quibus
624 4805 764 4872 elevatur
778 4807 1037 4889 decrescentibus,
1051 4807 1143 4896 quim
1154 4808 1264 4877 iisdem
1273 4805 1492 4877 crescentibus.

268 4915 301 4954 ο.
889 4915 906 4964 8
