3330 5692
179 491 242 552 272
428 480 695 558 INQUISITIO
719 480 922 546 PHYSICA
947 481 997 546 IN
1021 481 1216 549 CAUSAM

221 658 246 734 t.
262 661 313 717 39.
338 651 506 715 Problema
519 651 590 728 hoc,
606 650 693 737 quod
707 650 868 738 bucusque
882 651 1025 716 dedimus
1040 651 1188 731 solutum,
1203 652 1355 740 quodque
1369 658 1465 721 maxi·

180 761 222 823 mi
245 773 292 823 est
311 761 461 823 momenti
485 758 525 822 ad
547 757 674 822 effectus
696 756 768 822 cdm
792 758 873 823 Solia
894 757 961 822 tdm
985 758 1087 823 Lunae
1109 761 1142 822 in
1164 761 1245 824 mari
1266 760 1421 827 elevando
1437 779 1466 829 et

180 868 385 954 deprimendo
408 868 613 945 deliniendos,
637 867 808 931 Nevtonus
833 890 875 932 ne
899 870 1001 956 attiffi‘t
1024 870 1160 956 quidem,
1186 872 1243 935 sed
1269 872 1364 935 aliern
1388 875 1464 937 viam

179 989 312 1053 secutus,
335 999 399 1040 non
423 974 526 1042 solum
540 975 734 1053 indirectam,
758 976 815 1039 sed
829 977 923 1040 etiam
937 998 1110 1055 erroneam,
1133 978 1254 1041 invenit
1267 1000 1357 1043 mare
1371 1002 1391 1043 a
1405 981 1464 1044 soli

179 1091 210 1152 vi
234 1089 316 1154 Solis
338 1089 379 1152 ad
400 1087 597 1153 altitudinem
618 1087 753 1151 duorum
767 1087 832 1151 fere
853 1087 971 1172 pedum
986 1089 1100 1152 elevari
1120 1089 1252 1166 debere:
1277 1088 1352 1154 crim
1366 1103 1465 1155 tamen

180 1211 244 1262 tam
259 1197 391 1263 eandem
406 1198 469 1260 vim
485 1198 551 1263 Soli
566 1197 738 1261 absolutam
754 1194 848 1283 quim
862 1198 992 1262 eandem
1004 1199 1180 1264 distantiam
1197 1223 1216 1263 a
1231 1199 1335 1264 Terris
1352 1223 1465 1265 assum·

180 1305 278 1381 uisset,
301 1304 414 1391 quibus
434 1326 493 1367 nos
514 1327 621 1368 sumus
643 1304 701 1368 usi.
748 1304 911 1369 Conclusit
925 1318 1028 1370 autem
1049 1306 1134 1370 bunc
1148 1328 1312 1371 enormem
1326 1307 1464 1372 effectum

849 1413 873 1476 S

181 1475 221 1516 ex
237 1450 467 1535 comparatione
483 1450 529 1512 vis
545 1449 626 1513 Solis
642 1472 697 1514 seu
711 1449 823 1513 valoris
837 1501 880 1576 ᾖ
895 1473 967 1515 cum
980 1452 1012 1515 vi
1031 1451 1142 1516 Terra:
1157 1452 1333 1541 centrifugd
1350 1477 1369 1517 a
1383 1467 1463 1519 motu

182 1625 295 1689 diurno
310 1621 387 1700 orti,
403 1621 464 1709 qui
481 1622 583 1688 Terra
593 1623 652 1686 sub
663 1636 823 1709 aequatore
837 1623 1016 1687 extenditur
1026 1647 1063 1688 ac
1074 1625 1206 1689 crassior
1221 1625 1367 1690 redditur
1378 1625 1462 1713 quim

182 1733 241 1797 sub
265 1732 363 1818 polis;
397 1743 489 1816 atque
515 1731 644 1794 assumit
666 1731 869 1796 elevationem
894 1755 983 1818 aquae
1003 1755 1023 1795 a
1047 1733 1078 1795 vi
1105 1732 1186 1798 Solis
1211 1745 1315 1796 ortam
1339 1733 1460 1798 eandem

182 1852 289 1903 tenere
304 1838 418 1903 debere
432 1838 585 1902 rationem
600 1837 640 1900 ad
662 1839 887 1902 incrementum
903 1839 1014 1903 Terrae
1029 1840 1087 1904 sub
1101 1853 1262 1926 oequatore
1277 1865 1296 1904 a
1311 1843 1344 1906 ri
1359 1843 1459 1907 oentri·

184 1943 258 2032 lugd
285 1945 411 2020 factum,
435 1941 528 2029 qudm
549 1955 655 2007 teneat
674 1945 721 2006 via
738 1944 820 2008 Solis
843 1944 882 2008 ad
904 1945 967 2007 vim
988 1945 1203 2033 centrifugarn.
1252 1947 1317 2012 sed
1342 1962 1457 2032 prseter-

184 2077 278 2140 quam
304 2052 389 2140 qudd
410 2054 471 2117 hoc
495 2053 691 2117 ratiocinium
715 2055 809 2117 nimis
833 2054 959 2118 infirmo
983 2068 1229 2139 superstructum
1255 2054 1452 2132 firndamento

183 2161 288 2226 nostrai
303 2161 352 2226 vit
368 2160 495 2238 directi,
521 2161 582 2247 qud
599 2184 704 2225 sumus
720 2162 777 2239 usi,
795 2162 898 2225 statim
912 2163 1077 2226 evertitur:
1101 2185 1141 2226 ex
1162 2162 1231 2247 ipsi
1246 2164 1333 2229 enim
1348 2166 1391 2229 rei
1408 2187 1451 2228 ua·

184 2268 263 2345 turri,
287 2267 379 2332 nullis
401 2269 549 2353 precariis
563 2268 705 2332 assumtis
719 2268 890 2353 principiis,
912 2269 1113 2334 elevationem
1130 2292 1283 2355 aquarum
1300 2272 1364 2335 avi
1386 2270 1448 2337 Soli:

187 2377 352 2440 oriundam
367 2374 483 2440 directe
499 2389 530 2440 et
544 2376 717 2440 luculenter
728 2376 1017 2440 determinavimus:
1033 2377 1107 2440 acsi
1121 2377 1220 2440 ullum
1234 2379 1331 2441 etiam
1341 2378 1444 2442 dubim

183 2487 225 2550 ob
240 2486 477 2574 integrationem
491 2508 548 2570 per
563 2485 847 2570 approximatione:
861 2497 983 2548 tantum
997 2485 1171 2549 institutum
1187 2497 1329 2565 restaret,
1349 2486 1444 2550 iduor

183 2594 318 2672 tolletur,
343 2593 415 2658 ciam
437 2593 517 2658 infrd
538 2594 622 2658 idem
646 2594 814 2659 Problema
834 2593 893 2658 aliti
908 2594 1057 2660 methodo
1077 2618 1206 2681 prorsus
1220 2597 1344 2662 diversi
1362 2615 1442 2662 sumu

183 2703 360 2780 resoluturi,
376 2716 660 2790 congruentemque
675 2702 860 2766 solutionem
875 2701 1053 2767 exhibituri.

133 2844 137 2854 ·
227 2817 252 2893 §.
267 2821 319 2875 40.
344 2809 495 2886 Quamvis
517 2824 622 2874 autem
644 2812 701 2874 iste
725 2811 806 2876 Solis
828 2810 955 2875 effectus
977 2812 1009 2874 in
1030 2811 1108 2874 mari
1130 2823 1194 2874 tam
1209 2810 1361 2876 elevando
1372 2805 1443 2896 quim

185 2915 389 3002 deprimendo
410 2939 473 2980 non
496 2915 575 2980 aded
594 2930 697 2981 certus
711 2931 742 2981 et
756 2917 867 3003 planus
883 2940 950 2982 esse
970 2917 1110 2981 videatur
1125 2917 1167 2980 ob
1182 2918 1356 3002 parallaxin
1373 2913 1449 2984 Solis

184 3051 276 3114 quam
294 3030 353 3092 10“
375 3027 584 3104 assumsimus,
608 3027 750 3091 nondum
765 3026 992 3092 accuratissime
1008 3026 1188 3101 definitam
1212 3049 1231 3089 a
1253 3027 1314 3113 quit
1329 3040 1385 3091 tum
1396 3021 1456 3085 du*

185 3137 282 3200 tantia
299 3136 379 3201 Solis
394 3159 413 3199 a
429 3135 573 3212 Territa,
597 3128 690 3221 q'udm
705 3136 868 3199 :estimatio
883 3137 929 3198 vis
943 3134 1094 3198 absolutae
1111 3135 1144 3210 S,
1167 3135 1302 3219 pendet:
1326 3149 1416 3199 tamen
1429 3120 1465 3187 ⁵⁶¹

1191 3245 1214 3308 S

185 3305 250 3347 rem
266 3280 413 3346 attentids
427 3281 666 3366 perpendamus,
690 3284 914 3367 comperiemus
930 3282 1161 3367 expressionem
1180 3334 1223 3408 F
1232 3280 1471 3371 perpetudeuu‘

184 3455 257 3519 dem
280 3455 413 3519 retinere
437 3454 583 3531 valorem,
615 3476 820 3541 quaecumque
851 3455 917 3520 Soli
945 3455 1112 3539 parallaxis
1142 3455 1317 3520 tribuatur:
1349 3438 1475 3518 mutati

184 3567 268 3630 enim
289 3564 450 3649 parallaxi,
474 3565 560 3628 valor
581 3563 693 3628 litteroe
716 3565 739 3629 S
762 3565 891 3649 praecise
913 3565 945 3627 in
967 3565 1075 3628 eadem
1096 3565 1224 3642 ratione,
1248 3566 1280 3627 in
1296 3563 1355 3651 qui
1368 3563 1477 3626 cub⁰³

184 3674 340 3739 distantiae
361 3697 381 3737 a
393 3671 415 3751 ⁸,
438 3673 618 3738 mutabitur.
664 3673 726 3739 Per
740 3673 825 3760 leges
839 3676 923 3737 enim
937 3675 1038 3738 mutire
1055 3674 1230 3738 firmissime
1245 3675 1390 3738 stabilitas
1406 3683 1476 3755 μί’

184 3823 261 3887 tebit
275 3823 477 3909 quantitatem
496 3784 544 3948 {-
560 3844 579 3884 a
600 3821 667 3885 solo
690 3836 828 3906 ternpore
850 3824 1009 3907 periodico
1024 3823 1133 3887 Terrae
1148 3823 1232 3887 circa
1248 3824 1353 3888 Solem
1366 3821 1476 3885 deter-

185 3998 305 4075 minari,
321 3999 409 4082 cujus
424 3997 579 4083 quantitas
593 3996 821 4060 accuratissime
837 4011 884 4061 est
899 3997 1035 4061 definita
1081 3998 1177 4073 Quod
1194 4011 1229 4061 ut
1244 3997 1357 4062 elarius
1371 4002 1474 4079 app&

186 4119 261 4180 reat,
281 4105 512 4168 consideremus
536 4104 691 4188 planetam
714 4127 928 4191 quemcunque
944 4107 1026 4169 circa
1043 4106 1147 4170 Solem
1170 4107 1203 4168 in
1218 4106 1319 4169 orbiti
1336 4083 1474 4188 elliprid

186 4212 403 4289 revolventem,
427 4215 514 4297 cujus
536 4213 694 4276 semi-axis
716 4227 907 4279 transversus
929 4238 984 4279 seu
1006 4216 1151 4279 distantia
1173 4240 1190 4278 a
1216 4216 1290 4280 Sole
1310 4215 1407 4278 media
1429 4197 1477 4265 ⁵5¹

192 4346 223 4379 =
243 4346 271 4400 a,
296 4325 341 4386 vis
363 4338 468 4386 autem
491 4322 575 4386 Solia
597 4323 739 4387 absoluta
759 4349 790 4383 =
812 4325 845 4401 S,
869 4325 927 4387 erit
949 4337 1071 4408 tempus
1090 4324 1285 4408 periodieum
1300 4342 1418 4406 semper
1436 4312 1476 4427 ul

187 4432 314 4544 [ll-⁸3
336 4469 421 4555 qubd
443 4472 469 4535 si
491 4471 586 4558 igitur
601 4486 722 4558 tempus
736 4473 930 4558 periodicum
945 4473 984 4536 sit
1004 4499 1035 4532 ·.-
1055 4489 1077 4550 t,
1101 4473 1161 4536 erit
1176 4487 1188 4536 t
1202 4487 1238 4538 ut
1256 4436 1366 4599 87ng
1380 4484 1407 4532 el
1430 4422 1479 4582 ἓ

208 4539 237 4594 ts
261 4540 283 4597 S

188 4679 233 4742 uti
248 4648 298 4742 .l..
329 4679 380 4743 Ad
392 4681 529 4746 valorem
537 4698 641 4748 autem
652 4685 808 4749 fractionis
833 4647 856 4711 S

249 4756 289 4806 tt
820 4685 1261 4810 a-321bsolutdinveniendum,
1278 4672 1479 4769 exprimatur
