3330 5692
188 576 273 642 Car.
290 577 356 656 ΙΙ.]
566 577 632 641 AD
655 575 880 686 TERTIUM
904 575 1103 643 LIBRUM.
1400 581 1489 645 xxvii

187 751 222 815 A
237 773 258 837 q
273 750 317 827 T,
341 749 386 815 its
401 772 424 836 q
438 749 471 814 T
483 750 525 814 ad
541 751 572 816 A
587 750 628 828 T,
644 750 779 836 ideoque
793 773 834 814 ex
849 773 951 836 aequo,
975 750 1062 814 sinus
1081 749 1277 835 parallaxeos
1298 751 1329 816 A
1345 750 1378 827 Q
1394 751 1427 816 T
1442 763 1489 815 est

184 857 230 921 ad
250 859 357 921 sinum
378 856 576 941 parallaxeos
599 859 631 920 Α
652 880 674 943 q
697 857 730 922 T
751 869 787 920 ut
808 879 830 942 q
851 856 884 921 T
899 855 939 919 ad
956 856 988 931 Q
1004 856 1045 921 T.
1092 856 1144 920 Ex
1159 858 1330 942 quostiam
1347 857 1488 943 sequitur

186 966 329 1032 siderum
349 966 384 1028 in
405 964 517 1030 eddam
538 964 702 1029 altitudine
725 979 895 1051 apparente
917 966 1131 1041 existentium,
1147 964 1240 1050 hujus
1254 969 1404 1052 majorem
1419 989 1489 1030 esse

184 1074 374 1162 parallaxim
391 1074 478 1160 quod
491 1071 595 1137 mimis
609 1073 738 1138 distata
752 1086 861 1138 centro
875 1088 978 1138 terrae.

231 1194 284 1250 8³.
309 1184 485 1248 Parallaxis
509 1181 691 1260 altitudinis,
717 1183 763 1246 uti
786 1183 826 1246 de
853 1182 1039 1246 refractione
1065 1182 1266 1259 dictumest,
1297 1182 1407 1247 sideris
1432 1184 1488 1248 de-

183 1293 397 1369 clinationem,
428 1292 640 1356 ascensionem
671 1304 800 1368 rectam,
830 1291 1060 1379 longitudinem
1087 1303 1119 1355 et
1144 1291 1342 1356 latitudinem
1366 1304 1486 1370 mutut3

181 1416 217 1468 et
239 1403 352 1467 eodem
373 1401 473 1466 modo
496 1424 560 1487 quo
581 1423 621 1465 ex
643 1400 829 1466 refractione
851 1401 1025 1466 altitudinis
1052 1402 1256 1466 inveniuntur
1278 1402 1349 1466 aliae
1371 1401 1487 1467 refrac-

182 1513 309 1577 tionum
321 1510 453 1596 species,
469 1511 514 1574 sic
528 1532 570 1574 ex
585 1509 657 1575 data
674 1509 828 1595 parallaxi
843 1510 1016 1574 altitudinis
1032 1525 1185 1575 eruuntur
1198 1512 1374 1596 parallaxes
1390 1512 1488 1576 decli·

181 1621 331 1698 nationis,
362 1619 553 1684 ascensionis
583 1632 687 1696 rectas,
719 1618 924 1707 longitudinis
955 1631 986 1684 et
1017 1620 1189 1686 latitudinis
1199 1646 1209 1698 ;
1248 1621 1325 1686 illud
1360 1646 1486 1709 quoque
1574 1666 1577 1673 ·

182 1728 416 1795 observandum
438 1741 486 1792 est
507 1727 617 1792 sideris
639 1728 672 1789 in
691 1726 865 1792 meridiano
887 1728 1049 1792 existentis
1064 1728 1183 1792 nullam
1206 1751 1273 1793 esse
1296 1730 1486 1794 ascensionis

181 1854 279 1905 rectae
300 1838 520 1904 rofi-actionem
540 1860 600 1902 nec
620 1837 824 1924 parallaxim3
849 1835 923 1901 cdm
947 1839 1032 1902 enim
1050 1838 1222 1903 altitudinis
1238 1838 1383 1904 refractio
1398 1839 1485 1904 sidus

182 1951 320 2029 attollat,¹
347 1963 380 2015 et
409 1949 579 2014 altitudinis
609 1947 777 2034 parallaxis
802 1947 881 2011 illud
912 1948 1078 2033 deprimat,
1109 1951 1141 2013 in
1168 1950 1280 2014 eodem
1309 1950 1486 2014 meridiano

183 2082 240 2124 seu
263 2058 384 2125 circulo
409 2057 625 2122 declinationis
653 2061 723 2142 (per
746 2057 835 2143 hyp.)
862 2058 1004 2121 ascensio
1030 2072 1115 2123 recta
1139 2059 1213 2124 inde
1240 2083 1305 2123 non
1331 2075 1481 2124 mutatur.
1504 2046 1513 2058 ’

185 2168 339 2236 Similiter
363 2169 391 2232 si
416 2167 552 2231 circulus
573 2166 728 2230 verticalis
750 2166 782 2229 in
805 2188 869 2252 quo
890 2167 977 2230 sidus
999 2168 1154 2252 reperitur
1180 2169 1219 2232 sit
1244 2170 1286 2233 ad
1309 2170 1485 2255 eclipticam

181 2279 466 2365 perpendicularis,
483 2277 571 2341 nulla
585 2279 645 2341 erit
659 2276 864 2364 longitudinis
880 2276 1025 2341 refractio
1040 2277 1188 2364 nullaque
1202 2279 1371 2364 parallaxis
1379 2303 1390 2358 ;
1410 2303 1484 2344 nam

181 2387 216 2450 in
229 2385 293 2450 hoc
308 2408 384 2450 casu
400 2386 534 2449 circulus
550 2383 705 2449 verticalis
720 2397 768 2448 est
783 2383 875 2448 simul
891 2384 1026 2448 circulus
1041 2385 1225 2464 latitudinis,
1250 2399 1282 2451 et
1296 2387 1435 2451 siderum
1451 2388 1484 2450 in

181 2495 295 2560 eodem
309 2494 484 2559 latitudinis
500 2494 618 2557 circulo
633 2493 835 2557 existentium
849 2492 1015 2578 longitudo
1031 2507 1077 2557 est
1092 2495 1211 2559 eadem.

227 2613 280 2669 84.
303 2603 391 2670 Data
413 2602 588 2667 differentiis
610 2600 816 2688 longitudinis
838 2600 978 2664 locorum
1002 2601 1136 2666 duorum
1151 2603 1184 2666 in
1199 2604 1365 2688 superficie
1379 2616 1482 2683 terrae,

184 2735 241 2778 seu
264 2713 343 2778 dato
368 2735 444 2777 arcu
469 2711 639 2798 aequatoris
666 2711 747 2791 inter
770 2709 914 2773 locorum
935 2711 1060 2775 illorum
1082 2713 1271 2777 meridianos
1297 2715 1481 2800 intercepto,

186 2821 277 2887 datur
299 2834 426 2906 tempus
449 2842 512 2907 quo
536 2818 591 2885 Sol
612 2819 662 2882 vel
684 2819 773 2882 stella
787 2818 853 2881 fixa
867 2817 908 2881 ab
924 2841 988 2881 uno
1001 2820 1176 2883 meridiano
1191 2820 1233 2884 ad
1247 2823 1380 2886 alterum
1394 2837 1483 2886 motu

186 2930 300 2995 diurno
321 2928 434 2993 transit
455 2929 545 3013 (16);
569 2940 601 2992 et
622 2925 696 2990 inde
718 2925 844 2989 definiri
865 2938 970 3009 potest
990 2939 1097 2990 utrum
1118 2927 1353 2994 observationes
1372 2931 1482 2995 inillis

188 3036 311 3101 duobus
333 3035 411 3099 locis
433 3035 560 3111 habitae,
585 3032 797 3118 respondeant
816 3030 918 3094 eidem
938 3031 1088 3114 temporis
1112 3033 1248 3098 absoluti
1267 3050 1427 3101 momento
1442 3060 1484 3101 an

186 3170 257 3212 non.
316 3145 422 3211 Facile
449 3146 533 3209 idem
559 3143 727 3208 innotescit
754 3165 812 3228 per
839 3143 941 3206 Lunoe
967 3154 999 3205 et
1023 3141 1111 3207 Jovis
1136 3145 1304 3209 satellitum
1331 3148 1484 3233 eclipses,

188 3257 297 3320 eodem
317 3257 402 3320 enim
424 3267 584 3318 momento
607 3252 757 3337 temporis
779 3250 902 3334 eclipsis
917 3249 976 3312 ini-

185 3367 261 3430 tium
275 3387 313 3429 ac
331 3365 413 3442 finis,
433 3376 465 3427 et
475 3363 670 3427 macularum
682 3362 715 3423 in
728 3359 820 3425 Luna
833 3372 978 3423 notarum

186 3475 344 3539 immersio
360 3474 394 3536 in
410 3474 554 3537 umbram
576 3471 626 3535 vel
649 3471 782 3534 emersio
804 3491 844 3533 ex
866 3467 977 3532 umbria

186 3606 224 3648 ex
246 3583 395 3648 omnibus
421 3596 515 3647 terrae
536 3581 614 3646 locis
638 3577 722 3644 unde
745 3579 885 3663 conspici
905 3598 978 3661 pos-

186 3707 257 3758 sunt
279 3691 435 3770 videntur,
458 3689 552 3777 atque
568 3713 610 3754 ex
625 3689 674 3753 his
690 3687 906 3773 phoenomenis
918 3685 978 3749 dif-

186 3801 318 3877 ferentia
339 3800 545 3889 longitudinis
571 3799 714 3862 locorum
741 3797 976 3860 determinatur.

189 3911 250 3975 His
260 3911 371 3996 positis
381 3912 407 3974 si
416 3933 458 3975 ex
468 3910 545 3973 locis
557 3908 681 3972 duobus
694 3908 725 3970 A
740 3919 772 3970 et
789 3906 826 3984 B,
840 3892 975 3991 duorum

190 4019 337 4084 distantia
361 4021 393 4083 A
417 4020 452 4086 D
479 4020 508 4084 B
534 4018 608 4083 data
627 4031 684 4094 est,
707 4015 908 4101 phaenomeni
928 4013 976 4078 vel

188 4130 296 4195 sideris
321 4129 349 4193 P
371 4130 403 4192 in
426 4129 522 4213 plano
537 4127 675 4191 verticali
691 4127 722 4189 A
740 4125 767 4188 Ρ
783 4124 812 4188 Β
828 4124 869 4202 Τ,
893 4125 977 4188 exis-

187 4239 278 4304 tentis
300 4237 482 4302 altitudines
503 4251 689 4321 apparentes
704 4247 735 4299 et
750 4259 769 4297 a
783 4232 976 4297 refractioni-

188 4347 245 4413 bus
260 4348 370 4412 liberae
385 4346 558 4410 observatoe
574 4343 690 4407 fuerint
700 4343 811 4406 eodem
823 4355 974 4426 tempore,

185 4457 315 4522 inveniri
340 4455 460 4541 poterit
481 4455 589 4539 puncti
616 4453 643 4517 P
664 4452 833 4536 parallaxis
856 4463 887 4515 et
912 4450 976 4515 dis-

186 4568 280 4631 tantia
295 4591 314 4630 a
329 4579 440 4631 oentm
455 4576 548 4627 terrae
565 4564 592 4626 P
608 4562 649 4626 T.
697 4561 780 4625 Nam
795 4583 853 4646 per
867 4561 975 4624 obser-

185 4677 339 4741 vationem
364 4673 539 4738 altitudinis
568 4672 746 4756 apparentis
772 4671 804 4734 in
831 4670 901 4735 loco
928 4673 968 4747 A,

185 4785 275 4853 datur
297 4785 436 4875 angulus
461 4785 538 4848 CA
558 4785 594 4861 P,
619 4783 766 4848 distantia
785 4803 939 4866 apparens
955 4780 1064 4845 sideris
1084 4804 1103 4844 a
1124 4796 1239 4845 vertice
1254 4790 1286 4842 et
1299 4775 1373 4842 inde
1387 4780 1479 4842 <latur
