<?xml version="1.0" encoding="UTF-8"?>
<!DOCTYPE html PUBLIC "-//W3C//DTD XHTML 1.0 Transitional//EN"
    "http://www.w3.org/TR/xhtml1/DTD/xhtml1-transitional.dtd">
<html xmlns="http://www.w3.org/1999/xhtml" xml:lang="en" lang="en">
 <head>
  <title>
</title>
<meta http-equiv="Content-Type" content="text/html;charset=utf-8" />
  <meta name='ocr-system' content='tesseract 3.04.00' />
  <meta name='ocr-capabilities' content='ocr_page ocr_carea ocr_par ocr_line ocrx_word'/>
</head>
<body>
  <div class='ocr_page' id='page_1' title='image "./philosophiaenat01newtgoog_0387.png"; bbox 0 0 3300 5678; ppageno 0'>
   <div class='ocr_carea' id='block_1_1' title="bbox 448 967 979 1071">
    <p class='ocr_par' dir='ltr' id='par_1_1' title="bbox 448 967 979 1071">
     <span class='ocr_line' id='line_1_1' title="bbox 448 967 979 1071; baseline -0.004 -4"><span class='ocrx_word' id='word_1_1' title='bbox 448 967 979 1071; x_wconf 84' lang='lat' dir='ltr'><strong>INTRODUCTIO</strong></span> 
     </span>
    </p>
   </div>
   <div class='ocr_carea' id='block_1_2' title="bbox 690 1235 742 1282">
    <p class='ocr_par' dir='ltr' id='par_1_2' title="bbox 690 1235 742 1282">
     <span class='ocr_line' id='line_1_2' title="bbox 690 1235 742 1282; baseline 0 0"><span class='ocrx_word' id='word_1_2' title='bbox 690 1235 742 1282; x_wconf 77' lang='lat' dir='ltr'><strong>An</strong></span> 
     </span>
    </p>
   </div>
   <div class='ocr_carea' id='block_1_3' title="bbox 166 1432 1360 1541">
    <p class='ocr_par' dir='ltr' id='par_1_3' title="bbox 166 1432 1360 1541">
     <span class='ocr_line' id='line_1_3' title="bbox 166 1432 1360 1541; baseline -0.001 -5"><span class='ocrx_word' id='word_1_3' title='bbox 166 1452 356 1537; x_wconf 73' lang='lat' dir='ltr'><strong>nuum</strong></span> <span class='ocrx_word' id='word_1_4' title='bbox 388 1454 722 1536; x_wconf 74' lang='lat' dir='ltr'><strong>rnuomsm</strong></span> <span class='ocrx_word' id='word_1_5' title='bbox 755 1455 1260 1541; x_wconf 80' lang='lat' dir='ltr'><strong>anromANAM.</strong></span> <span class='ocrx_word' id='word_1_6' title='bbox 1350 1432 1360 1463; x_wconf 77' lang='lat'><strong><em>⁵</em></strong></span> 
     </span>
    </p>
   </div>
   <div class='ocr_carea' id='block_1_4' title="bbox 602 1773 822 1794">
    <p class='ocr_par' dir='ltr' id='par_1_4' title="bbox 602 1773 822 1794">
     <span class='ocr_line' id='line_1_4' title="bbox 602 1773 822 1794; baseline -0.005 0"><span class='ocrx_word' id='word_1_7' title='bbox 602 1773 822 1794; x_wconf 61' lang='lat' dir='ltr'><strong>mm</strong></span> 
     </span>
    </p>
   </div>
   <div class='ocr_carea' id='block_1_5' title="bbox 58 2000 1366 4839">
    <p class='ocr_par' dir='ltr' id='par_1_5' title="bbox 65 2000 1364 2533">
     <span class='ocr_line' id='line_1_5' title="bbox 66 2000 1364 2118; baseline -0.002 -20"><span class='ocrx_word' id='word_1_8' title='bbox 66 2000 178 2099; x_wconf 73' lang='lat' dir='ltr'><strong>Turn</strong></span> <span class='ocrx_word' id='word_1_9' title='bbox 192 2045 265 2096; x_wconf 87' lang='lat' dir='ltr'><strong>sunt</strong></span> <span class='ocrx_word' id='word_1_10' title='bbox 279 2032 311 2094; x_wconf 89' lang='lat' dir='ltr'><strong>in</strong></span> <span class='ocrx_word' id='word_1_11' title='bbox 325 2029 427 2094; x_wconf 84' lang='lat' dir='ltr'><strong>Lunae</strong></span> <span class='ocrx_word' id='word_1_12' title='bbox 442 2028 581 2093; x_wconf 74' lang='lat' dir='ltr'><strong>Theorii</strong></span> <span class='ocrx_word' id='word_1_13' title='bbox 591 2028 769 2113; x_wconf 76' lang='lat' dir='ltr'><strong>spectanda,</strong></span> <span class='ocrx_word' id='word_1_14' title='bbox 786 2029 818 2092; x_wconf 92' lang='lat' dir='ltr'><strong>in</strong></span> <span class='ocrx_word' id='word_1_15' title='bbox 833 2029 946 2116; x_wconf 89' lang='lat' dir='ltr'><strong>quibus</strong></span> <span class='ocrx_word' id='word_1_16' title='bbox 961 2041 1102 2094; x_wconf 85' lang='lat' dir='ltr'><strong>versatur</strong></span> <span class='ocrx_word' id='word_1_17' title='bbox 1116 2031 1217 2094; x_wconf 91' lang='lat' dir='ltr'><strong>omnis</strong></span> <span class='ocrx_word' id='word_1_18' title='bbox 1232 2030 1364 2118; x_wconf 84' lang='lat' dir='ltr'><strong>quoestio</strong></span> 
     </span>
     <span class='ocr_line' id='line_1_6' title="bbox 66 2136 1364 2226; baseline -0.003 -20"><span class='ocrx_word' id='word_1_19' title='bbox 66 2140 275 2206; x_wconf 71' lang='lat' dir='ltr'><strong>astronomica</strong></span> <span class='ocrx_word' id='word_1_20' title='bbox 287 2162 358 2226; x_wconf 85' lang='lat' dir='ltr'><strong>quae</strong></span> <span class='ocrx_word' id='word_1_21' title='bbox 381 2138 421 2202; x_wconf 88' lang='lat' dir='ltr'><strong>de</strong></span> <span class='ocrx_word' id='word_1_22' title='bbox 442 2136 508 2221; x_wconf 74' lang='lat' dir='ltr'><strong>ipsi</strong></span> <span class='ocrx_word' id='word_1_23' title='bbox 531 2137 649 2200; x_wconf 89' lang='lat' dir='ltr'><strong>institui</strong></span> <span class='ocrx_word' id='word_1_24' title='bbox 662 2149 783 2222; x_wconf 85' lang='lat' dir='ltr'><strong>potest3</strong></span> <span class='ocrx_word' id='word_1_25' title='bbox 806 2136 953 2221; x_wconf 81' lang='lat' dir='ltr'><strong>primdm,</strong></span> <span class='ocrx_word' id='word_1_26' title='bbox 970 2138 1036 2222; x_wconf 91' lang='lat' dir='ltr'><strong>ejus</strong></span> <span class='ocrx_word' id='word_1_27' title='bbox 1050 2151 1154 2202; x_wconf 86' lang='lat' dir='ltr'><strong>motus</strong></span> <span class='ocrx_word' id='word_1_28' title='bbox 1170 2138 1324 2225; x_wconf 73' lang='lat' dir='ltr'><strong>quitenus</strong></span> <span class='ocrx_word' id='word_1_29' title='bbox 1347 2162 1364 2203; x_wconf 89' lang='lat' dir='ltr'><strong>e</strong></span> 
     </span>
     <span class='ocr_line' id='line_1_7' title="bbox 67 2242 1364 2332; baseline -0.004 -17"><span class='ocrx_word' id='word_1_30' title='bbox 67 2248 171 2315; x_wconf 71' lang='lat' dir='ltr'><strong>Terris</strong></span> <span class='ocrx_word' id='word_1_31' title='bbox 187 2248 388 2323; x_wconf 62' lang='lat' dir='ltr'><strong>observatum</strong></span> <span class='ocrx_word' id='word_1_32' title='bbox 411 2243 558 2322; x_wconf 70' lang='lat' dir='ltr'><strong>secundo,</strong></span> <span class='ocrx_word' id='word_1_33' title='bbox 581 2244 683 2332; x_wconf 83' lang='lat' dir='ltr'><strong>ligura</strong></span> <span class='ocrx_word' id='word_1_34' title='bbox 698 2244 816 2308; x_wconf 87' lang='lat' dir='ltr'><strong>lunaris</strong></span> <span class='ocrx_word' id='word_1_35' title='bbox 831 2244 943 2308; x_wconf 84' lang='lat' dir='ltr'><strong>orbitae</strong></span> <span class='ocrx_word' id='word_1_36' title='bbox 964 2267 984 2307; x_wconf 86' lang='lat' dir='ltr'><strong>a</strong></span> <span class='ocrx_word' id='word_1_37' title='bbox 1004 2244 1123 2308; x_wconf 84' lang='lat' dir='ltr'><strong>circulo</strong></span> <span class='ocrx_word' id='word_1_38' title='bbox 1136 2242 1208 2329; x_wconf 84' lang='lat' dir='ltr'><strong>pltis</strong></span> <span class='ocrx_word' id='word_1_39' title='bbox 1222 2246 1364 2310; x_wconf 90' lang='lat' dir='ltr'><strong>minusve</strong></span> 
     </span>
     <span class='ocr_line' id='line_1_8' title="bbox 65 2349 1364 2439; baseline -0.003 -18"><span class='ocrx_word' id='word_1_40' title='bbox 65 2355 218 2421; x_wconf 76' lang='lat' dir='ltr'>recedens</span> <span class='ocrx_word' id='word_1_41' title='bbox 233 2367 265 2418; x_wconf 87' lang='lat' dir='ltr'><strong>et</strong></span> <span class='ocrx_word' id='word_1_42' title='bbox 279 2352 423 2439; x_wconf 86' lang='lat' dir='ltr'><strong>apsidum</strong></span> <span class='ocrx_word' id='word_1_43' title='bbox 438 2353 503 2438; x_wconf 90' lang='lat' dir='ltr'><strong>ejus</strong></span> <span class='ocrx_word' id='word_1_44' title='bbox 519 2351 651 2436; x_wconf 81' lang='lat' dir='ltr'><strong>positi03</strong></span> <span class='ocrx_word' id='word_1_45' title='bbox 674 2373 711 2414; x_wconf 86' lang='lat' dir='ltr'><strong>ac</strong></span> <span class='ocrx_word' id='word_1_46' title='bbox 732 2349 834 2428; x_wconf 74' lang='lat' dir='ltr'><strong>tertitl,</strong></span> <span class='ocrx_word' id='word_1_47' title='bbox 851 2352 918 2435; x_wconf 90' lang='lat' dir='ltr'><strong>ejus</strong></span> <span class='ocrx_word' id='word_1_48' title='bbox 932 2350 1045 2416; x_wconf 78' lang='lat' dir='ltr'><strong>orbitae</strong></span> <span class='ocrx_word' id='word_1_49' title='bbox 1067 2350 1107 2414; x_wconf 81' lang='lat' dir='ltr'><strong>nd</strong></span> <span class='ocrx_word' id='word_1_50' title='bbox 1129 2350 1305 2435; x_wconf 82' lang='lat' dir='ltr'><strong>eclipticam</strong></span> <span class='ocrx_word' id='word_1_51' title='bbox 1317 2353 1364 2416; x_wconf 92' lang='lat' dir='ltr'><strong>in·</strong></span> 
     </span>
     <span class='ocr_line' id='line_1_9' title="bbox 65 2466 207 2533; baseline -0.021 0"><span class='ocrx_word' id='word_1_52' title='bbox 65 2466 207 2533; x_wconf 83' lang='lat' dir='ltr'><strong>clinatio.</strong></span> 
     </span>
    </p>

    <p class='ocr_par' dir='ltr' id='par_1_6' title="bbox 61 2566 1366 3631">
     <span class='ocr_line' id='line_1_10' title="bbox 112 2566 1365 2656; baseline -0.004 -19"><span class='ocrx_word' id='word_1_53' title='bbox 112 2573 148 2638; x_wconf 91' lang='lat' dir='ltr'><strong>Si</strong></span> <span class='ocrx_word' id='word_1_54' title='bbox 162 2568 250 2636; x_wconf 72' lang='lat' dir='ltr'><strong>extri</strong></span> <span class='ocrx_word' id='word_1_55' title='bbox 268 2570 349 2635; x_wconf 88' lang='lat' dir='ltr'><strong>Solis</strong></span> <span class='ocrx_word' id='word_1_56' title='bbox 364 2568 518 2632; x_wconf 84' lang='lat' dir='ltr'><strong>actionem</strong></span> <span class='ocrx_word' id='word_1_57' title='bbox 534 2567 626 2631; x_wconf 86' lang='lat' dir='ltr'><strong>Luna</strong></span> <span class='ocrx_word' id='word_1_58' title='bbox 640 2580 744 2631; x_wconf 79' lang='lat' dir='ltr'><strong>motus</strong></span> <span class='ocrx_word' id='word_1_59' title='bbox 760 2589 832 2630; x_wconf 87' lang='lat' dir='ltr'><strong>suos</strong></span> <span class='ocrx_word' id='word_1_60' title='bbox 848 2582 964 2655; x_wconf 80' lang='lat' dir='ltr'><strong>ageret,</strong></span> <span class='ocrx_word' id='word_1_61' title='bbox 989 2566 1082 2631; x_wconf 83' lang='lat' dir='ltr'><strong>Luna</strong></span> <span class='ocrx_word' id='word_1_62' title='bbox 1096 2566 1229 2651; x_wconf 88' lang='lat' dir='ltr'><strong>ellipsim</strong></span> <span class='ocrx_word' id='word_1_63' title='bbox 1254 2592 1365 2656; x_wconf 88' lang='lat' dir='ltr'><strong>quam-</strong></span> 
     </span>
     <span class='ocr_line' id='line_1_11' title="bbox 64 2677 1365 2764; baseline -0.005 -17"><span class='ocrx_word' id='word_1_64' title='bbox 64 2683 144 2747; x_wconf 83' lang='lat' dir='ltr'><strong>libet</strong></span> <span class='ocrx_word' id='word_1_65' title='bbox 155 2683 239 2746; x_wconf 87' lang='lat' dir='ltr'><strong>circa</strong></span> <span class='ocrx_word' id='word_1_66' title='bbox 249 2679 383 2745; x_wconf 82' lang='lat' dir='ltr'><strong>Terram</strong></span> <span class='ocrx_word' id='word_1_67' title='bbox 395 2677 571 2743; x_wconf 83' lang='lat' dir='ltr'><strong>describere</strong></span> <span class='ocrx_word' id='word_1_68' title='bbox 581 2691 688 2763; x_wconf 87' lang='lat' dir='ltr'><strong>posset</strong></span> <span class='ocrx_word' id='word_1_69' title='bbox 702 2678 735 2740; x_wconf 94' lang='lat' dir='ltr'><strong>in</strong></span> <span class='ocrx_word' id='word_1_70' title='bbox 745 2677 842 2762; x_wconf 85' lang='lat' dir='ltr'><strong>plano</strong></span> <span class='ocrx_word' id='word_1_71' title='bbox 853 2677 974 2762; x_wconf 83' lang='lat' dir='ltr'><strong>quovis,</strong></span> <span class='ocrx_word' id='word_1_72' title='bbox 990 2691 1022 2741; x_wconf 90' lang='lat' dir='ltr'><strong>et</strong></span> <span class='ocrx_word' id='word_1_73' title='bbox 1036 2701 1074 2742; x_wconf 88' lang='lat' dir='ltr'><strong>ea</strong></span> <span class='ocrx_word' id='word_1_74' title='bbox 1084 2679 1200 2763; x_wconf 79' lang='lat' dir='ltr'><strong>ellipsis</strong></span> <span class='ocrx_word' id='word_1_75' title='bbox 1210 2678 1365 2764; x_wconf 75' lang='lat' dir='ltr'><strong>perpetui)</strong></span> 
     </span>
     <span class='ocr_line' id='line_1_12' title="bbox 63 2784 1366 2873; baseline -0.005 -17"><span class='ocrx_word' id='word_1_76' title='bbox 63 2788 178 2856; x_wconf 70' lang='lat' dir='ltr'><strong>ead-</strong></span> <span class='ocrx_word' id='word_1_77' title='bbox 191 2800 331 2853; x_wconf 90' lang='lat' dir='ltr'><strong>maneret</strong></span> <span class='ocrx_word' id='word_1_78' title='bbox 342 2798 598 2873; x_wconf 88' lang='lat' dir='ltr'><strong>constantemque</strong></span> <span class='ocrx_word' id='word_1_79' title='bbox 609 2786 760 2873; x_wconf 83' lang='lat' dir='ltr'><strong>angulum</strong></span> <span class='ocrx_word' id='word_1_80' title='bbox 775 2808 847 2849; x_wconf 90' lang='lat' dir='ltr'><strong>cum</strong></span> <span class='ocrx_word' id='word_1_81' title='bbox 858 2784 998 2870; x_wconf 77' lang='lat' dir='ltr'><strong>ecliptici</strong></span> <span class='ocrx_word' id='word_1_82' title='bbox 1011 2785 1146 2850; x_wconf 87' lang='lat' dir='ltr'><strong>efficeret</strong></span> <span class='ocrx_word' id='word_1_83' title='bbox 1154 2810 1163 2863; x_wconf 75' lang='grc' dir='ltr'><strong><em>ς</em></strong></span> <span class='ocrx_word' id='word_1_84' title='bbox 1180 2786 1284 2873; x_wconf 82' lang='lat' dir='ltr'><strong>itaque</strong></span> <span class='ocrx_word' id='word_1_85' title='bbox 1299 2799 1366 2850; x_wconf 84' lang='lat' dir='ltr'><strong>tota</strong></span> 
     </span>
     <span class='ocr_line' id='line_1_13' title="bbox 64 2889 1366 2979; baseline -0.004 -17"><span class='ocrx_word' id='word_1_86' title='bbox 64 2897 188 2962; x_wconf 88' lang='lat' dir='ltr'><strong>theoria</strong></span> <span class='ocrx_word' id='word_1_87' title='bbox 204 2895 306 2961; x_wconf 82' lang='lat' dir='ltr'><strong>Lunae</strong></span> <span class='ocrx_word' id='word_1_88' title='bbox 321 2894 405 2958; x_wconf 85' lang='lat' dir='ltr'><strong>circa</strong></span> <span class='ocrx_word' id='word_1_89' title='bbox 419 2891 488 2956; x_wconf 85' lang='lat' dir='ltr'><strong>hoec</strong></span> <span class='ocrx_word' id='word_1_90' title='bbox 502 2906 678 2956; x_wconf 86' lang='lat' dir='ltr'><strong>versaretur</strong></span> <span class='ocrx_word' id='word_1_91' title='bbox 693 2892 857 2969; x_wconf 85' lang='lat' dir='ltr'><strong>elementa,</strong></span> <span class='ocrx_word' id='word_1_92' title='bbox 880 2889 993 2976; x_wconf 77' lang='lat' dir='ltr'><strong>primb,</strong></span> <span class='ocrx_word' id='word_1_93' title='bbox 1017 2904 1052 2955; x_wconf 90' lang='lat' dir='ltr'><strong>ut</strong></span> <span class='ocrx_word' id='word_1_94' title='bbox 1067 2913 1107 2955; x_wconf 87' lang='lat' dir='ltr'><strong>ex</strong></span> <span class='ocrx_word' id='word_1_95' title='bbox 1122 2906 1263 2976; x_wconf 85' lang='lat' dir='ltr'><strong>tempore</strong></span> <span class='ocrx_word' id='word_1_96' title='bbox 1279 2892 1366 2979; x_wconf 91' lang='lat' dir='ltr'><strong>quod</strong></span> 
     </span>
     <span class='ocr_line' id='line_1_14' title="bbox 64 2984 1365 3088; baseline -0.002 -18"><span class='ocrx_word' id='word_1_97' title='bbox 64 3004 161 3070; x_wconf 86' lang='lat' dir='ltr'><strong>Luna</strong></span> <span class='ocrx_word' id='word_1_98' title='bbox 173 3017 370 3069; x_wconf 87' lang='lat' dir='ltr'><strong>consumeret</strong></span> <span class='ocrx_word' id='word_1_99' title='bbox 384 3015 419 3067; x_wconf 90' lang='lat' dir='ltr'><strong>ut</strong></span> <span class='ocrx_word' id='word_1_100' title='bbox 433 3027 453 3067; x_wconf 86' lang='lat' dir='ltr'><strong>a</strong></span> <span class='ocrx_word' id='word_1_101' title='bbox 467 3003 602 3088; x_wconf 76' lang='lat' dir='ltr'><strong>quidam</strong></span> <span class='ocrx_word' id='word_1_102' title='bbox 613 3001 703 3067; x_wconf 76' lang='lat' dir='ltr'><strong>stellti</strong></span> <span class='ocrx_word' id='word_1_103' title='bbox 715 3001 880 3067; x_wconf 85' lang='lat' dir='ltr'><strong>discedens</strong></span> <span class='ocrx_word' id='word_1_104' title='bbox 896 3001 936 3065; x_wconf 81' lang='lat' dir='ltr'><strong>ad</strong></span> <span class='ocrx_word' id='word_1_105' title='bbox 951 3002 1093 3066; x_wconf 90' lang='lat' dir='ltr'><strong>eamdem</strong></span> <span class='ocrx_word' id='word_1_106' title='bbox 1103 3001 1229 3080; x_wconf 80' lang='lat' dir='ltr'><strong>rediret,</strong></span> <span class='ocrx_word' id='word_1_107' title='bbox 1239 2984 1365 3069; x_wconf 47' lang='lat' dir='ltr'><strong>&#39;obtine-</strong></span> 
     </span>
     <span class='ocr_line' id='line_1_15' title="bbox 63 3112 1365 3200; baseline 0.002 -23"><span class='ocrx_word' id='word_1_108' title='bbox 63 3128 138 3178; x_wconf 83' lang='lat' dir='ltr'><strong>atur</strong></span> <span class='ocrx_word' id='word_1_109' title='bbox 152 3113 278 3177; x_wconf 89' lang='lat' dir='ltr'><strong>duratio</strong></span> <span class='ocrx_word' id='word_1_110' title='bbox 292 3115 359 3199; x_wconf 84' lang='lat' dir='ltr'><strong>ejus</strong></span> <span class='ocrx_word' id='word_1_111' title='bbox 374 3114 489 3176; x_wconf 84' lang='lat' dir='ltr'><strong>mensis</strong></span> <span class='ocrx_word' id='word_1_112' title='bbox 507 3113 659 3198; x_wconf 90' lang='lat' dir='ltr'><strong>periodici</strong></span> <span class='ocrx_word' id='word_1_113' title='bbox 676 3112 790 3177; x_wconf 89' lang='lat' dir='ltr'><strong>siderei</strong></span> <span class='ocrx_word' id='word_1_114' title='bbox 804 3113 911 3198; x_wconf 88' lang='lat' dir='ltr'><strong>sicque</strong></span> <span class='ocrx_word' id='word_1_115' title='bbox 925 3126 1029 3177; x_wconf 87' lang='lat' dir='ltr'><strong>motus</strong></span> <span class='ocrx_word' id='word_1_116' title='bbox 1044 3115 1110 3200; x_wconf 89' lang='lat' dir='ltr'><strong>ejus</strong></span> <span class='ocrx_word' id='word_1_117' title='bbox 1125 3113 1247 3177; x_wconf 88' lang='lat' dir='ltr'><strong>medius</strong></span> <span class='ocrx_word' id='word_1_118' title='bbox 1261 3115 1365 3179; x_wconf 83' lang='lat' dir='ltr'><strong>deter-</strong></span> 
     </span>
     <span class='ocr_line' id='line_1_16' title="bbox 62 3217 1365 3305; baseline -0.001 -21"><span class='ocrx_word' id='word_1_119' title='bbox 62 3220 211 3295; x_wconf 88' lang='lat' dir='ltr'><strong>minetur,</strong></span> <span class='ocrx_word' id='word_1_120' title='bbox 236 3218 319 3282; x_wconf 87' lang='lat' dir='ltr'><strong>unde</strong></span> <span class='ocrx_word' id='word_1_121' title='bbox 340 3217 430 3282; x_wconf 85' lang='lat' dir='ltr'><strong>facile</strong></span> <span class='ocrx_word' id='word_1_122' title='bbox 452 3218 643 3283; x_wconf 89' lang='lat' dir='ltr'><strong>obtinebitur</strong></span> <span class='ocrx_word' id='word_1_123' title='bbox 666 3219 716 3281; x_wconf 86' lang='lat' dir='ltr'><strong>via</strong></span> <span class='ocrx_word' id='word_1_124' title='bbox 738 3241 831 3305; x_wconf 86' lang='lat' dir='ltr'><strong>quam</strong></span> <span class='ocrx_word' id='word_1_125' title='bbox 849 3219 942 3282; x_wconf 86' lang='lat' dir='ltr'><strong>Luna</strong></span> <span class='ocrx_word' id='word_1_126' title='bbox 960 3218 1035 3283; x_wconf 87' lang='lat' dir='ltr'><strong>dato</strong></span> <span class='ocrx_word' id='word_1_127' title='bbox 1050 3233 1191 3305; x_wconf 90' lang='lat' dir='ltr'><strong>tempore</strong></span> <span class='ocrx_word' id='word_1_128' title='bbox 1212 3243 1270 3305; x_wconf 91' lang='lat' dir='ltr'><strong>per</strong></span> <span class='ocrx_word' id='word_1_129' title='bbox 1292 3244 1365 3284; x_wconf 91' lang='lat' dir='ltr'><strong>eum</strong></span> 
     </span>
     <span class='ocr_line' id='line_1_17' title="bbox 63 3327 1365 3413; baseline 0.001 -21"><span class='ocrx_word' id='word_1_130' title='bbox 63 3341 185 3392; x_wconf 84' lang='lat' dir='ltr'><strong>motum</strong></span> <span class='ocrx_word' id='word_1_131' title='bbox 198 3328 335 3391; x_wconf 89' lang='lat' dir='ltr'><strong>modium</strong></span> <span class='ocrx_word' id='word_1_132' title='bbox 347 3328 468 3392; x_wconf 89' lang='lat' dir='ltr'><strong>emetiri</strong></span> <span class='ocrx_word' id='word_1_133' title='bbox 482 3340 597 3413; x_wconf 90' lang='lat' dir='ltr'><strong>potest,</strong></span> <span class='ocrx_word' id='word_1_134' title='bbox 613 3328 656 3391; x_wconf 87' lang='lat' dir='ltr'><strong>ita</strong></span> <span class='ocrx_word' id='word_1_135' title='bbox 672 3341 717 3405; x_wconf 88' lang='lat' dir='ltr'><strong>ut,</strong></span> <span class='ocrx_word' id='word_1_136' title='bbox 735 3327 808 3391; x_wconf 75' lang='lat' dir='ltr'><strong>dati</strong></span> <span class='ocrx_word' id='word_1_137' title='bbox 821 3327 952 3413; x_wconf 71' lang='lat' dir='ltr'><strong>epochis,</strong></span> <span class='ocrx_word' id='word_1_138' title='bbox 970 3328 1031 3392; x_wconf 90' lang='lat' dir='ltr'><strong>boc</strong></span> <span class='ocrx_word' id='word_1_139' title='bbox 1047 3343 1104 3405; x_wconf 89' lang='lat' dir='ltr'><strong>est,</strong></span> <span class='ocrx_word' id='word_1_140' title='bbox 1122 3329 1196 3392; x_wconf 81' lang='lat' dir='ltr'><strong>doto</strong></span> <span class='ocrx_word' id='word_1_141' title='bbox 1207 3329 1278 3393; x_wconf 86' lang='lat' dir='ltr'><strong>loco</strong></span> <span class='ocrx_word' id='word_1_142' title='bbox 1293 3329 1365 3393; x_wconf 89' lang='lat' dir='ltr'><strong>coeli</strong></span> 
     </span>
     <span class='ocr_line' id='line_1_18' title="bbox 61 3436 1365 3525; baseline 0 -23"><span class='ocrx_word' id='word_1_143' title='bbox 61 3439 96 3502; x_wconf 92' lang='lat' dir='ltr'><strong>in</strong></span> <span class='ocrx_word' id='word_1_144' title='bbox 118 3460 183 3525; x_wconf 90' lang='lat' dir='ltr'><strong>quo</strong></span> <span class='ocrx_word' id='word_1_145' title='bbox 205 3437 297 3502; x_wconf 85' lang='lat' dir='ltr'><strong>Luna</strong></span> <span class='ocrx_word' id='word_1_146' title='bbox 319 3437 488 3523; x_wconf 87' lang='lat' dir='ltr'><strong>aliquando</strong></span> <span class='ocrx_word' id='word_1_147' title='bbox 510 3438 674 3502; x_wconf 86' lang='lat' dir='ltr'><strong>observata</strong></span> <span class='ocrx_word' id='word_1_148' title='bbox 693 3436 811 3515; x_wconf 81' lang='lat' dir='ltr'><strong>fuisset,</strong></span> <span class='ocrx_word' id='word_1_149' title='bbox 835 3436 910 3500; x_wconf 89' lang='lat' dir='ltr'><strong>inde</strong></span> <span class='ocrx_word' id='word_1_150' title='bbox 932 3459 1026 3522; x_wconf 90' lang='lat' dir='ltr'><strong>quem</strong></span> <span class='ocrx_word' id='word_1_151' title='bbox 1047 3437 1080 3500; x_wconf 91' lang='lat' dir='ltr'><strong>in</strong></span> <span class='ocrx_word' id='word_1_152' title='bbox 1102 3437 1206 3500; x_wconf 91' lang='lat' dir='ltr'><strong>locum</strong></span> <span class='ocrx_word' id='word_1_153' title='bbox 1229 3439 1365 3524; x_wconf 82' lang='lat' dir='ltr'><strong>migrare</strong></span> 
     </span>
     <span class='ocr_line' id='line_1_19' title="bbox 61 3543 1233 3631; baseline -0.003 -20"><span class='ocrx_word' id='word_1_154' title='bbox 61 3546 231 3622; x_wconf 84' lang='lat' dir='ltr'><strong>debuisset,</strong></span> <span class='ocrx_word' id='word_1_155' title='bbox 248 3546 322 3610; x_wconf 85' lang='lat' dir='ltr'><strong>dnto</strong></span> <span class='ocrx_word' id='word_1_156' title='bbox 337 3560 487 3631; x_wconf 87' lang='lat' dir='ltr'><strong>tempore,</strong></span> <span class='ocrx_word' id='word_1_157' title='bbox 503 3568 561 3630; x_wconf 87' lang='lat' dir='ltr'><strong>per</strong></span> <span class='ocrx_word' id='word_1_158' title='bbox 575 3545 670 3608; x_wconf 85' lang='lat' dir='ltr'><strong>medii</strong></span> <span class='ocrx_word' id='word_1_159' title='bbox 684 3545 788 3609; x_wconf 82' lang='lat' dir='ltr'><strong>motrls</strong></span> <span class='ocrx_word' id='word_1_160' title='bbox 803 3543 957 3608; x_wconf 84' lang='lat' dir='ltr'><strong>calculum</strong></span> <span class='ocrx_word' id='word_1_161' title='bbox 973 3545 1104 3608; x_wconf 89' lang='lat' dir='ltr'><strong>inveniri</strong></span> <span class='ocrx_word' id='word_1_162' title='bbox 1118 3559 1233 3630; x_wconf 78' lang='lat' dir='ltr'><strong>posset</strong></span> 
     </span>
    </p>

    <p class='ocr_par' dir='ltr' id='par_1_7' title="bbox 58 3652 1365 4839">
     <span class='ocr_line' id='line_1_20' title="bbox 108 3652 1364 3742; baseline -0.004 -22"><span class='ocrx_word' id='word_1_163' title='bbox 108 3656 239 3730; x_wconf 86' lang='lat' dir='ltr'><strong>Postea3</strong></span> <span class='ocrx_word' id='word_1_164' title='bbox 264 3656 349 3719; x_wconf 90' lang='lat' dir='ltr'><strong>locus</strong></span> <span class='ocrx_word' id='word_1_165' title='bbox 365 3655 488 3742; x_wconf 85' lang='lat' dir='ltr'><strong>apogaei</strong></span> <span class='ocrx_word' id='word_1_166' title='bbox 504 3654 616 3731; x_wconf 86' lang='lat' dir='ltr'><strong>Lunae,</strong></span> <span class='ocrx_word' id='word_1_167' title='bbox 640 3654 726 3740; x_wconf 89' lang='lat' dir='ltr'><strong>quod</strong></span> <span class='ocrx_word' id='word_1_168' title='bbox 748 3655 780 3717; x_wconf 92' lang='lat' dir='ltr'><strong>in</strong></span> <span class='ocrx_word' id='word_1_169' title='bbox 803 3653 891 3716; x_wconf 92' lang='lat' dir='ltr'><strong>coelis</strong></span> <span class='ocrx_word' id='word_1_170' title='bbox 912 3652 1014 3717; x_wconf 89' lang='lat' dir='ltr'><strong>eidem</strong></span> <span class='ocrx_word' id='word_1_171' title='bbox 1028 3667 1148 3738; x_wconf 90' lang='lat' dir='ltr'><strong>puncto</strong></span> <span class='ocrx_word' id='word_1_172' title='bbox 1170 3675 1294 3737; x_wconf 86' lang='lat' dir='ltr'><strong>semper</strong></span> <span class='ocrx_word' id='word_1_173' title='bbox 1317 3674 1364 3715; x_wconf 88' lang='lat' dir='ltr'><strong>rc·</strong></span> 
     </span>
     <span class='ocr_line' id='line_1_21' title="bbox 62 3761 1365 3851; baseline -0.004 -23"><span class='ocrx_word' id='word_1_174' title='bbox 62 3765 242 3851; x_wconf 84' lang='lat' dir='ltr'><strong>sponderet,</strong></span> <span class='ocrx_word' id='word_1_175' title='bbox 258 3765 338 3829; x_wconf 85' lang='lat' dir='ltr'><strong>soret</strong></span> <span class='ocrx_word' id='word_1_176' title='bbox 349 3763 564 3851; x_wconf 85' lang='lat' dir='ltr'><strong>requirendus,</strong></span> <span class='ocrx_word' id='word_1_177' title='bbox 577 3778 645 3828; x_wconf 87' lang='lat' dir='ltr'><strong>turn</strong></span> <span class='ocrx_word' id='word_1_178' title='bbox 656 3764 872 3828; x_wconf 82' lang='lat' dir='ltr'><strong>excentricitas</strong></span> <span class='ocrx_word' id='word_1_179' title='bbox 884 3763 949 3847; x_wconf 90' lang='lat' dir='ltr'><strong>ejus</strong></span> <span class='ocrx_word' id='word_1_180' title='bbox 970 3763 1090 3839; x_wconf 64' lang='lat' dir='ltr'><strong>orbita),</strong></span> <span class='ocrx_word' id='word_1_181' title='bbox 1107 3763 1151 3825; x_wconf 90' lang='lat' dir='ltr'><strong>sic</strong></span> <span class='ocrx_word' id='word_1_182' title='bbox 1166 3763 1250 3825; x_wconf 91' lang='lat' dir='ltr'><strong>enim</strong></span> <span class='ocrx_word' id='word_1_183' title='bbox 1263 3761 1365 3848; x_wconf 81' lang='lat' dir='ltr'><strong>ligura</strong></span> 
     </span>
     <span class='ocr_line' id='line_1_22' title="bbox 61 3871 1362 3963; baseline 0 -23"><span class='ocrx_word' id='word_1_184' title='bbox 61 3874 208 3963; x_wconf 84' lang='lat' dir='ltr'><strong>ellipseos</strong></span> <span class='ocrx_word' id='word_1_185' title='bbox 224 3897 319 3961; x_wconf 85' lang='lat' dir='ltr'><strong>quam</strong></span> <span class='ocrx_word' id='word_1_186' title='bbox 335 3875 428 3939; x_wconf 85' lang='lat' dir='ltr'><strong>Luna</strong></span> <span class='ocrx_word' id='word_1_187' title='bbox 443 3873 592 3938; x_wconf 90' lang='lat' dir='ltr'><strong>describit</strong></span> <span class='ocrx_word' id='word_1_188' title='bbox 614 3874 817 3950; x_wconf 88' lang='lat' dir='ltr'><strong>obtineretur,</strong></span> <span class='ocrx_word' id='word_1_189' title='bbox 842 3887 874 3938; x_wconf 89' lang='lat' dir='ltr'><strong>et</strong></span> <span class='ocrx_word' id='word_1_190' title='bbox 895 3873 978 3959; x_wconf 81' lang='lat' dir='ltr'><strong>quia,</strong></span> <span class='ocrx_word' id='word_1_191' title='bbox 1002 3873 1080 3936; x_wconf 86' lang='lat' dir='ltr'><strong>citra</strong></span> <span class='ocrx_word' id='word_1_192' title='bbox 1097 3871 1178 3937; x_wconf 87' lang='lat' dir='ltr'><strong>Solis</strong></span> <span class='ocrx_word' id='word_1_193' title='bbox 1197 3873 1362 3940; x_wconf 81' lang='lat' dir='ltr'><strong>actionem.</strong></span> 
     </span>
     <span class='ocr_line' id='line_1_23' title="bbox 63 3981 1364 4071; baseline -0.001 -23"><span class='ocrx_word' id='word_1_194' title='bbox 63 3983 157 4048; x_wconf 84' lang='lat' dir='ltr'><strong>Luna</strong></span> <span class='ocrx_word' id='word_1_195' title='bbox 172 3996 349 4048; x_wconf 84' lang='lat' dir='ltr'><strong>moveretur</strong></span> <span class='ocrx_word' id='word_1_196' title='bbox 365 3981 538 4048; x_wconf 82' lang='lat' dir='ltr'><strong>secunddm</strong></span> <span class='ocrx_word' id='word_1_197' title='bbox 559 3984 662 4071; x_wconf 83' lang='lat' dir='ltr'><strong>legem</strong></span> <span class='ocrx_word' id='word_1_198' title='bbox 679 3985 913 4071; x_wconf 84' lang='lat' dir='ltr'><strong>Keplerianam,</strong></span> <span class='ocrx_word' id='word_1_199' title='bbox 936 3983 998 4048; x_wconf 89' lang='lat' dir='ltr'><strong>hoc</strong></span> <span class='ocrx_word' id='word_1_200' title='bbox 1019 3998 1075 4061; x_wconf 87' lang='lat' dir='ltr'><strong>cst,</strong></span> <span class='ocrx_word' id='word_1_201' title='bbox 1099 3985 1142 4047; x_wconf 88' lang='lat' dir='ltr'><strong>ita</strong></span> <span class='ocrx_word' id='word_1_202' title='bbox 1164 3997 1200 4047; x_wconf 89' lang='lat' dir='ltr'><strong>ut</strong></span> <span class='ocrx_word' id='word_1_203' title='bbox 1221 3996 1364 4069; x_wconf 82' lang='lat' dir='ltr'><strong>tempora</strong></span> 
     </span>
     <span class='ocr_line' id='line_1_24' title="bbox 60 4090 1362 4179; baseline 0.001 -25"><span class='ocrx_word' id='word_1_204' title='bbox 60 4090 177 4178; x_wconf 89' lang='lat' dir='ltr'><strong>quibus</strong></span> <span class='ocrx_word' id='word_1_205' title='bbox 189 4091 373 4155; x_wconf 90' lang='lat' dir='ltr'><strong>durantibus</strong></span> <span class='ocrx_word' id='word_1_206' title='bbox 385 4092 480 4157; x_wconf 87' lang='lat' dir='ltr'><strong>Luna</strong></span> <span class='ocrx_word' id='word_1_207' title='bbox 490 4105 678 4169; x_wconf 86' lang='lat' dir='ltr'><strong>moveretur,</strong></span> <span class='ocrx_word' id='word_1_208' title='bbox 690 4116 756 4157; x_wconf 90' lang='lat' dir='ltr'><strong>non</strong></span> <span class='ocrx_word' id='word_1_209' title='bbox 767 4093 895 4179; x_wconf 88' lang='lat' dir='ltr'><strong>quidem</strong></span> <span class='ocrx_word' id='word_1_210' title='bbox 908 4094 970 4157; x_wconf 89' lang='lat' dir='ltr'><strong>sint</strong></span> <span class='ocrx_word' id='word_1_211' title='bbox 979 4092 1228 4177; x_wconf 85' lang='lat' dir='ltr'><strong>proportionalia</strong></span> <span class='ocrx_word' id='word_1_212' title='bbox 1238 4091 1362 4179; x_wconf 82' lang='lat' dir='ltr'><strong>angulis</strong></span> 
     </span>
     <span class='ocr_line' id='line_1_25' title="bbox 59 4201 1362 4289; baseline -0.001 -23"><span class='ocrx_word' id='word_1_213' title='bbox 59 4224 79 4266; x_wconf 91' lang='lat' dir='ltr'><strong>e</strong></span> <span class='ocrx_word' id='word_1_214' title='bbox 95 4201 198 4266; x_wconf 71' lang='lat' dir='ltr'><strong>Terri</strong></span> <span class='ocrx_word' id='word_1_215' title='bbox 213 4203 369 4286; x_wconf 83' lang='lat' dir='ltr'><strong>spectatis,</strong></span> <span class='ocrx_word' id='word_1_216' title='bbox 391 4202 448 4268; x_wconf 85' lang='lat' dir='ltr'><strong>sed</strong></span> <span class='ocrx_word' id='word_1_217' title='bbox 463 4205 544 4268; x_wconf 82' lang='lat' dir='ltr'><strong>areis</strong></span> <span class='ocrx_word' id='word_1_218' title='bbox 557 4205 732 4289; x_wconf 81' lang='lat' dir='ltr'><strong>descriptis,</strong></span> <span class='ocrx_word' id='word_1_219' title='bbox 756 4206 830 4268; x_wconf 90' lang='lat' dir='ltr'><strong>hinc</strong></span> <span class='ocrx_word' id='word_1_220' title='bbox 851 4206 907 4269; x_wconf 89' lang='lat' dir='ltr'><strong>fiet</strong></span> <span class='ocrx_word' id='word_1_221' title='bbox 930 4218 965 4269; x_wconf 90' lang='lat' dir='ltr'><strong>ut</strong></span> <span class='ocrx_word' id='word_1_222' title='bbox 985 4204 1161 4268; x_wconf 84' lang='lat' dir='ltr'><strong>differentia</strong></span> <span class='ocrx_word' id='word_1_223' title='bbox 1182 4204 1244 4267; x_wconf 92' lang='lat' dir='ltr'><strong>loci</strong></span> <span class='ocrx_word' id='word_1_224' title='bbox 1260 4204 1362 4267; x_wconf 85' lang='lat' dir='ltr'><strong>Lunoe</strong></span> 
     </span>
     <span class='ocr_line' id='line_1_26' title="bbox 59 4310 1362 4398; baseline 0.002 -26"><span class='ocrx_word' id='word_1_225' title='bbox 59 4331 120 4396; x_wconf 89' lang='lat' dir='ltr'><strong>per</strong></span> <span class='ocrx_word' id='word_1_226' title='bbox 139 4321 260 4372; x_wconf 89' lang='lat' dir='ltr'><strong>motum</strong></span> <span class='ocrx_word' id='word_1_227' title='bbox 282 4311 420 4374; x_wconf 84' lang='lat' dir='ltr'><strong>medium</strong></span> <span class='ocrx_word' id='word_1_228' title='bbox 442 4313 615 4396; x_wconf 84' lang='lat' dir='ltr'><strong>computati</strong></span> <span class='ocrx_word' id='word_1_229' title='bbox 636 4314 677 4377; x_wconf 88' lang='lat' dir='ltr'><strong>ab</strong></span> <span class='ocrx_word' id='word_1_230' title='bbox 698 4315 764 4398; x_wconf 86' lang='lat' dir='ltr'><strong>ejus</strong></span> <span class='ocrx_word' id='word_1_231' title='bbox 786 4313 856 4377; x_wconf 87' lang='lat' dir='ltr'><strong>loco</strong></span> <span class='ocrx_word' id='word_1_232' title='bbox 878 4334 963 4389; x_wconf 87' lang='lat' dir='ltr'><strong>vero,</strong></span> <span class='ocrx_word' id='word_1_233' title='bbox 988 4312 1166 4375; x_wconf 84' lang='lat' dir='ltr'><strong>obtineatur</strong></span> <span class='ocrx_word' id='word_1_234' title='bbox 1188 4333 1228 4374; x_wconf 85' lang='lat' dir='ltr'><strong>ex</strong></span> <span class='ocrx_word' id='word_1_235' title='bbox 1250 4310 1362 4374; x_wconf 82' lang='lat' dir='ltr'><strong>orbitae</strong></span> 
     </span>
     <span class='ocr_line' id='line_1_27' title="bbox 60 4418 1361 4509; baseline 0.001 -27"><span class='ocrx_word' id='word_1_236' title='bbox 60 4418 180 4484; x_wconf 85' lang='lat' dir='ltr'><strong>lunaris</strong></span> <span class='ocrx_word' id='word_1_237' title='bbox 195 4420 297 4506; x_wconf 69' lang='lat' dir='ltr'><strong>figuris</strong></span> <span class='ocrx_word' id='word_1_238' title='bbox 311 4445 370 4506; x_wconf 90' lang='lat' dir='ltr'><strong>per</strong></span> <span class='ocrx_word' id='word_1_239' title='bbox 384 4422 550 4486; x_wconf 88' lang='lat' dir='ltr'><strong>methodos</strong></span> <span class='ocrx_word' id='word_1_240' title='bbox 576 4436 675 4502; x_wconf 84' lang='lat' dir='ltr'><strong>notas,</strong></span> <span class='ocrx_word' id='word_1_241' title='bbox 702 4446 773 4509; x_wconf 80' lang='lat' dir='ltr'><strong>quae</strong></span> <span class='ocrx_word' id='word_1_242' title='bbox 787 4423 963 4488; x_wconf 86' lang='lat' dir='ltr'><strong>differentia</strong></span> <span class='ocrx_word' id='word_1_243' title='bbox 978 4422 1093 4485; x_wconf 86' lang='lat' dir='ltr'><strong>dicitur</strong></span> <span class='ocrx_word' id='word_1_244' title='bbox 1107 4422 1243 4508; x_wconf 81' lang='lat' dir='ltr'><strong>oequotio</strong></span> <span class='ocrx_word' id='word_1_245' title='bbox 1258 4422 1361 4485; x_wconf 84' lang='lat' dir='ltr'><strong>Lunae</strong></span> 
     </span>
     <span class='ocr_line' id='line_1_28' title="bbox 59 4528 1361 4619; baseline 0.002 -28"><span class='ocrx_word' id='word_1_246' title='bbox 59 4528 173 4605; x_wconf 80' lang='lat' dir='ltr'><strong>soluta,</strong></span> <span class='ocrx_word' id='word_1_247' title='bbox 190 4528 251 4593; x_wconf 92' lang='lat' dir='ltr'><strong>hoc</strong></span> <span class='ocrx_word' id='word_1_248' title='bbox 266 4544 322 4608; x_wconf 84' lang='lat' dir='ltr'><strong>est,</strong></span> <span class='ocrx_word' id='word_1_249' title='bbox 339 4533 474 4617; x_wconf 69' lang='lat' dir='ltr'><strong>aequatio</strong></span> <span class='ocrx_word' id='word_1_250' title='bbox 489 4557 508 4596; x_wconf 85' lang='lat' dir='ltr'><strong>a</strong></span> <span class='ocrx_word' id='word_1_251' title='bbox 525 4532 599 4598; x_wconf 89' lang='lat' dir='ltr'><strong>Sole</strong></span> <span class='ocrx_word' id='word_1_252' title='bbox 614 4555 678 4596; x_wconf 91' lang='lat' dir='ltr'><strong>non</strong></span> <span class='ocrx_word' id='word_1_253' title='bbox 693 4533 844 4618; x_wconf 90' lang='lat' dir='ltr'><strong>pendens,</strong></span> <span class='ocrx_word' id='word_1_254' title='bbox 861 4547 893 4597; x_wconf 85' lang='lat' dir='ltr'><strong>et</strong></span> <span class='ocrx_word' id='word_1_255' title='bbox 906 4532 1097 4619; x_wconf 82' lang='lat' dir='ltr'><strong>intelligetur</strong></span> <span class='ocrx_word' id='word_1_256' title='bbox 1109 4533 1221 4618; x_wconf 91' lang='lat' dir='ltr'><strong>quibus</strong></span> <span class='ocrx_word' id='word_1_257' title='bbox 1237 4533 1269 4594; x_wconf 93' lang='lat' dir='ltr'><strong>in</strong></span> <span class='ocrx_word' id='word_1_258' title='bbox 1285 4532 1361 4594; x_wconf 84' lang='lat' dir='ltr'><strong>locis</strong></span> 
     </span>
     <span class='ocr_line' id='line_1_29' title="bbox 58 4637 1360 4731; baseline 0.001 -30"><span class='ocrx_word' id='word_1_259' title='bbox 58 4637 113 4702; x_wconf 82' lang='lat' dir='ltr'><strong>tlla</strong></span> <span class='ocrx_word' id='word_1_260' title='bbox 134 4639 271 4724; x_wconf 81' lang='lat' dir='ltr'><strong>aequatio</strong></span> <span class='ocrx_word' id='word_1_261' title='bbox 293 4640 333 4702; x_wconf 90' lang='lat' dir='ltr'><strong>sit</strong></span> <span class='ocrx_word' id='word_1_262' title='bbox 355 4640 535 4707; x_wconf 85' lang='lat' dir='ltr'><strong>adhibenda</strong></span> <span class='ocrx_word' id='word_1_263' title='bbox 557 4666 597 4707; x_wconf 86' lang='lat' dir='ltr'><strong>ex</strong></span> <span class='ocrx_word' id='word_1_264' title='bbox 620 4645 682 4707; x_wconf 90' lang='lat' dir='ltr'><strong>situ</strong></span> <span class='ocrx_word' id='word_1_265' title='bbox 703 4644 830 4731; x_wconf 82' lang='lat' dir='ltr'><strong>cognito</strong></span> <span class='ocrx_word' id='word_1_266' title='bbox 852 4644 976 4730; x_wconf 79' lang='lat' dir='ltr'><strong>apogaei</strong></span> <span class='ocrx_word' id='word_1_267' title='bbox 1001 4644 1113 4720; x_wconf 84' lang='lat' dir='ltr'><strong>Luuoe,</strong></span> <span class='ocrx_word' id='word_1_268' title='bbox 1138 4643 1255 4728; x_wconf 90' lang='lat' dir='ltr'><strong>pendet</strong></span> <span class='ocrx_word' id='word_1_269' title='bbox 1276 4641 1360 4705; x_wconf 86' lang='lat' dir='ltr'><strong>enim</strong></span> 
     </span>
     <span class='ocr_line' id='line_1_30' title="bbox 58 4743 1267 4839; baseline 0.002 -30"><span class='ocrx_word' id='word_1_270' title='bbox 58 4743 190 4809; x_wconf 76' lang='lat' dir='ltr'><strong>omnino</strong></span> <span class='ocrx_word' id='word_1_271' title='bbox 205 4766 244 4806; x_wconf 88' lang='lat' dir='ltr'><strong>ea</strong></span> <span class='ocrx_word' id='word_1_272' title='bbox 258 4743 435 4810; x_wconf 85' lang='lat' dir='ltr'><strong>differentia</strong></span> <span class='ocrx_word' id='word_1_273' title='bbox 448 4770 489 4811; x_wconf 81' lang='lat' dir='ltr'><strong>ex</strong></span> <span class='ocrx_word' id='word_1_274' title='bbox 504 4749 565 4812; x_wconf 88' lang='lat' dir='ltr'><strong>situ</strong></span> <span class='ocrx_word' id='word_1_275' title='bbox 582 4748 684 4813; x_wconf 71' lang='lat' dir='ltr'><strong>Lunae</strong></span> <span class='ocrx_word' id='word_1_276' title='bbox 699 4750 732 4812; x_wconf 91' lang='lat' dir='ltr'><strong>in</strong></span> <span class='ocrx_word' id='word_1_277' title='bbox 747 4749 824 4813; x_wconf 83' lang='lat' dir='ltr'><strong>orbe</strong></span> <span class='ocrx_word' id='word_1_278' title='bbox 838 4772 897 4813; x_wconf 91' lang='lat' dir='ltr'><strong>suo</strong></span> <span class='ocrx_word' id='word_1_279' title='bbox 913 4763 1057 4834; x_wconf 85' lang='lat' dir='ltr'><strong>respectu</strong></span> <span class='ocrx_word' id='word_1_280' title='bbox 1071 4751 1193 4839; x_wconf 82' lang='lat' dir='ltr'><strong>apogaei</strong></span> <span class='ocrx_word' id='word_1_281' title='bbox 1209 4750 1267 4813; x_wconf 89' lang='lat' dir='ltr'><strong>sui.</strong></span> 
     </span>
    </p>
   </div>
   <div class='ocr_carea' id='block_1_6' title="bbox 114 4853 1357 5010">
    <p class='ocr_par' dir='ltr' id='par_1_8' title="bbox 114 4853 1357 5010">
     <span class='ocr_line' id='line_1_31' title="bbox 114 4853 1357 5005; baseline 0.001 -86"><span class='ocrx_word' id='word_1_282' title='bbox 114 4853 237 4919; x_wconf 78' lang='lat' dir='ltr'><strong>Tertid.</strong></span> <span class='ocrx_word' id='word_1_283' title='bbox 293 4855 509 4933; x_wconf 80' lang='lat' dir='ltr'><strong>Quaerendum</strong></span> <span class='ocrx_word' id='word_1_284' title='bbox 540 4858 619 4926; x_wconf 86' lang='lat' dir='ltr'><strong>soret</strong></span> <span class='ocrx_word' id='word_1_285' title='bbox 647 4859 924 5005; x_wconf 53' lang='lat' dir='ltr'><strong>obsepvstionibus,</strong></span> <span class='ocrx_word' id='word_1_286' title='bbox 954 4859 1068 4947; x_wconf 84' lang='lat' dir='ltr'><strong>quibus</strong></span> <span class='ocrx_word' id='word_1_287' title='bbox 1096 4861 1130 4924; x_wconf 89' lang='lat' dir='ltr'><strong>in</strong></span> <span class='ocrx_word' id='word_1_288' title='bbox 1159 4859 1236 4924; x_wconf 90' lang='lat' dir='ltr'><strong>locis</strong></span> <span class='ocrx_word' id='word_1_289' title='bbox 1266 4857 1357 4922; x_wconf 80' lang='lat' dir='ltr'><strong>Luus</strong></span> 
     </span>
     <span class='ocr_line' id='line_1_32' title="bbox 664 4962 712 5010; baseline 0.021 -1"><span class='ocrx_word' id='word_1_290' title='bbox 664 4962 680 5009; x_wconf 79' lang='lat'>2</span> <span class='ocrx_word' id='word_1_291' title='bbox 692 4963 712 5010; x_wconf 89' lang='lat' dir='ltr'><strong>n</strong></span> 
     </span>
    </p>
   </div>
   <div class='ocr_carea' id='block_1_7' title="bbox 0 0 1654 5678">
    <p class='ocr_par' dir='ltr' id='par_1_9' title="bbox 0 0 1654 5678">
     <span class='ocr_line' id='line_1_33' title="bbox 0 0 1654 5678; baseline 0 3"><span class='ocrx_word' id='word_1_292' title='bbox 0 0 1654 5678; x_wconf 95' lang='lat' dir='ltr'><strong> </strong></span> 
     </span>
    </p>
   </div>
  </div>
 </body>
</html>
