3330 5692
188 582 248 640 106
497 570 840 637 PHILOSOPHIAE
864 567 1143 635 NATURALIS
1166 567 1248 648 [Du
1263 564 1400 631 Μυκη.
1413 565 1495 632 Sm.

184 743 291 839 anguli
318 741 361 805 sic
384 740 511 817 inventi,
538 741 581 804 ita
605 743 644 804 2'.
672 743 743 806 25⁹.
771 739 911 804 suntad
936 739 1147 826 aquationem
1177 737 1290 803 centri
1316 736 1490 817 secundam

185 851 372 927 addendam,
394 851 421 913 si
441 872 563 913 summa
584 849 637 914 illa
656 850 696 915 sit
716 851 820 914 minor

186 956 406 1034 semi-circulo,
422 956 656 1020 subducendam
670 958 696 1021 si
711 961 818 1044 major.

188 1070 241 1135 Sic
255 1067 421 1131 habebitur
438 1068 504 1150 ejus
519 1066 683 1153 longitudo
696 1068 729 1130 in
744 1071 820 1153 ipsis

186 1177 386 1241 luminarium
401 1175 542 1261 syzygiis.

232 1286 314 1352 Cirm
323 1285 532 1368 atmosphaera
544 1285 655 1348 Terrae
671 1286 710 1349 ad
722 1308 820 1372 usque

186 1396 382 1461 altitudinem
399 1393 578 1456 milliarium
593 1402 634 1458 85
650 1393 697 1457 vel
714 1403 756 1458 40
772 1416 820 1458 re·

185 1505 302 1594 fringat
322 1506 424 1570 lucem
449 1506 541 1582 Solis,
564 1519 597 1569 et
618 1505 820 1592 refringendo

185 1629 313 1704 spargat
329 1615 460 1679 eandem
482 1615 514 1677 in
536 1614 680 1678 umbram
696 1614 817 1691 Terrae,

185 1737 217 1787 et
232 1723 407 1810 spargendo
422 1723 524 1786 lucem
540 1723 572 1784 in
588 1722 725 1786 confinio
741 1723 861 1787 umbrae
876 1723 985 1786 dilatet
998 1721 1162 1785 umbram:
1180 1724 1223 1808 (¹)
1241 1724 1285 1788 ad
1300 1724 1467 1790 diametron

185 1832 316 1907 umbrae,
345 1852 415 1917 quae
437 1852 494 1914 per
516 1830 700 1914 parallaxim
725 1831 842 1915 prodit,
870 1831 954 1895 addo
978 1829 1133 1892 minutum
1161 1852 1268 1895 unum
1291 1835 1466 1917 primumiu

184 1938 351 2023 eclipsibus
367 1937 478 2015 Lunoe,
495 1937 544 2000 vel
559 1938 714 2002 minutum
729 1960 829 2001 unum
844 1960 916 2001 cum
931 1938 1052 2000 triente.

229 2049 368 2113 Theoria
383 2047 458 2112 verb
476 2048 578 2113 Lunae
592 2047 695 2133 primi)
710 2049 743 2111 in
759 2049 902 2134 syzygiis,
920 2046 1033 2111 deinde
1048 2045 1080 2108 in
1097 2045 1315 2130 quadraturis,
1332 2064 1363 2112 et
1377 2046 1464 2112 ultimi

185 2157 217 2219 in
243 2155 418 2219 octantibus
448 2177 507 2239 per
535 2156 745 2240 phaenomena
773 2157 947 2221 examinari
973 2169 1005 2220 et
1028 2154 1160 2218 stabiliri
1184 2155 1296 2221 debet.
1344 2157 1385 2221 Et
1403 2178 1463 2242 opit

185 2266 284 2331 hocce
307 2289 511 2354 aggressurus
534 2279 636 2331 motus
651 2267 771 2331 medios
788 2267 870 2332 Solis
893 2280 925 2331 et
947 2266 1049 2331 Lunoe
1069 2263 1110 2327 ad
1132 2275 1264 2349 tempus
1280 2267 1462 2330 meridianum

184 2374 218 2438 in
234 2373 460 2440 Observatorio
477 2375 581 2463 Regio
596 2375 833 2453 Grenovicensi‚
849 2376 901 2440 die
924 2375 1033 2439 ultimo
1055 2374 1172 2437 mensis
1195 2374 1388 2441 Decembris
1405 2373 1461 2439 curri

189 2492 281 2554 1700.
304 2496 342 2548 st
364 2497 425 2548 vet.
448 2507 512 2547 non
534 2486 732 2551 incommode
754 2499 916 2573 sequentes
932 2485 1111 2550 adhibebit:
1134 2507 1255 2570 nempe
1278 2502 1394 2551 motum
1412 2506 1460 2548 no

185 2595 272 2660 dium
289 2596 371 2661 Solis
392 2601 426 2662 ld
450 2604 525 2662 20⁸¹.
540 2600 603 2662 48'.
619 2600 690 2662 40⁶.
713 2610 745 2661 et
765 2598 888 2685 apogaei
911 2599 976 2682 ejus
991 2609 1023 2650 π
1041 2602 1093 2662 7¹¹.
1109 2597 1173 2658 44'.
1199 2598 1288 2672 30”.,
1311 2612 1344 2661 et
1364 2610 1457 2659 mur·

185 2705 323 2768 medium
340 2704 441 2769 Lunae
455 2715 488 2762 tt:
507 2710 580 2770 15⁸¹.
597 2708 657 2769 21‘.
674 2707 757 2782 00'‘.‚
781 2719 812 2769 et
827 2705 949 2791 apogaei
964 2705 1030 2789 ejus
1047 2711 1074 2763 Χ
1094 2708 1148 2765 8¹¹.
1165 2705 1231 2767 20'.
1248 2706 1334 2780 00''.,
1356 2718 1385 2767 et
1402 2699 1455 2765 nodi

184 2812 379 2876 ascendentis
396 2816 427 2877 tt
444 2819 519 2879 27⁸¹.
536 2814 598 2876 24‘.
615 2813 707 2888 20''.;
730 2824 762 2875 et
776 2810 984 2874 differentiam
999 2808 1251 2873 meridianorum
1268 2806 1454 2875 observanti

182 2923 276 3009 hujus
298 2936 331 2986 et
350 2923 566 2987 Observatorii
590 2922 683 3009 Regii
707 2921 890 2986 Parisiansis
909 2919 953 2985 Ol.
977 2921 1016 2985 9‘.
1033 2919 1104 2982 20''.
1127 2930 1237 2982 motus
1261 2931 1364 2986 autem
1382 2914 1451 2981 ΜΕ

186 3030 288 3094 Lunae
303 3044 334 3094 et
350 3031 471 3118 apogaei
485 3032 550 3115 ejus
567 3030 707 3093 nondum
723 3030 795 3094 satis
810 3028 954 3094 accurati
967 3027 1132 3092 habentur.

182 3245 217 3282 eat
238 3235 293 3283 vero
314 3237 334 3283 F
358 3241 387 3299 Θ
411 3256 445 3281 =
471 3236 492 3281 P
515 3236 544 3287 Ε,
564 3234 618 3283 cum
639 3251 695 3298 ergo

185 3302 207 3346 Α
232 3301 255 3348 E
276 3311 310 3347 ast
334 3306 407 3364 major
430 3300 594 3355 semi-circulo,
617 3308 644 3345 ut
668 3302 693 3345 in
930 3294 946 3357 ξ)

181 3364 264 3426 ligura,
292 3375 349 3412 tunc
380 3366 400 3411 P
428 3365 450 3411 Ε
478 3364 526 3410 sive
556 3365 575 3410 F
604 3369 633 3427 Θ
658 3375 692 3411 est
952 3373 953 3377 ’

181 3429 259 3475 minor
280 3429 446 3484 sami-circulo,
474 3440 508 3474 est
533 3444 588 3490 crgo
613 3435 641 3494 Θ
668 3429 692 3474 in

181 3494 346 3556 consequentia
365 3502 471 3553 respectu
490 3493 569 3552 puncti
593 3495 618 3550 F,
638 3493 693 3540 hinc

180 3557 332 3605 subducenda
354 3568 388 3605 est
409 3573 436 3604 ea
458 3558 571 3617 aquati03
590 3561 620 3606 sit
638 3555 693 3604 verb

183 3623 206 3668 Α
218 3622 240 3668 E
253 3620 492 3669 minorsemicirculo
501 3622 544 3668 erit
558 3623 609 3670 PE
622 3622 694 3682 major

180 3686 338 3733 semi-circulo
349 3697 410 3733 utet
424 3687 443 3732 F
453 3691 492 3749 Θ,
505 3684 603 3747 ideoque
615 3699 649 3734 est
662 3692 691 3750 Θ

181 3750 206 3796 in
214 3751 374 3798 antecedentia
381 3763 486 3810 respectu
500 3751 533 3807 F;
546 3763 694 3811 promovetur

180 3815 260 3876 itaque
270 3816 340 3861 Luna
351 3824 444 3876 propter
456 3817 515 3862 hanc
525 3819 692 3877 mquationem;

181 3889 292 3926 catarum
314 3895 361 3926 non
383 3889 475 3926 tantum
494 3881 519 3925 in
541 3879 693 3927 luminarium

180 3945 286 4006 syzygiis,
296 3944 336 3990 sed
345 3943 374 3990 ad
383 3953 477 3990 caeteros
487 3945 563 3990 Lunoe
571 3945 694 4005 adspectus

181 4009 230 4053 haec
248 4008 350 4068 adaptari
367 4019 470 4068 possunt,
489 4007 571 4055 verbm
589 4024 693 4056 commo-

181 4072 234 4117 dius
245 4083 280 4119 est
290 4073 436 4128 astronomis,
454 4073 567 4119 theoriam
580 4089 647 4119 suam
664 4088 693 4119 ex

181 4138 326 4198 syzygiamm
334 4137 530 4184 observationibus
541 4137 659 4198 explorare
670 4147 694 4184 et

181 4202 329 4248 constituere.

214 4285 324 4359 (ΨΜ
334 4288 581 4334 diometntmumbroe.
613 4285 694 4332 Paral-

181 4349 239 4394 luxrs
257 4359 291 4395 est
310 4352 412 4413 angulus
430 4351 472 4412 qui
488 4351 638 4397 subtenditur
653 4366 694 4410 per

181 4413 390 4461 semidiametrurn
405 4416 483 4461 'serrae
499 4431 527 4461 ex
546 4414 617 4462 Luni
627 4430 692 4474 spec-

181 4487 250 4532 tatae3
270 4479 320 4538 jam
342 4477 396 4525 verri
418 4489 511 4539 propter
533 4480 692 4539 atmosphaerae

180 4540 296 4587 actionem
315 4543 340 4588 in
360 4542 434 4588 radios
453 4544 512 4590 lucis
531 4544 594 4591 idem
617 4543 695 4590 evenit

180 4618 286 4663 respectu
310 4610 399 4652 umbrae
421 4624 447 4653 ac
470 4609 488 4653 si
511 4608 693 4655 semi-diameter
736 4577 771 4629 Α

182 4669 261 4717 Terra
273 4676 303 4716 35
315 4671 351 4715 vel
363 4678 394 4717 40
405 4672 543 4718 milliaribus
559 4683 691 4734 augeretur,

180 4750 236 4780 narn
260 4733 317 4780 radii
342 4734 395 4780 inte
420 4749 542 4797 pergentes
565 4749 651 4783 rectam
673 4737 733 4783 viam
759 4754 807 4785 non
839 4740 902 4800 gitur
928 4755 984 4801 ergo
1011 4743 1163 4802 atmosphrcra
1190 4745 1239 4790 sice
1266 4744 1363 4803 corporis
1384 4735 1439 4798 apd.

180 4808 316 4861 sequuntur,
341 4799 381 4844 sed
405 4799 530 4846 introrsum
555 4802 580 4846 in
605 4804 712 4847 umbram
735 4804 807 4864 conji·
839 4814 862 4848 et
889 4806 972 4850 umbra
993 4805 1020 4851 eii
1041 4805 1070 4851 de
1093 4807 1162 4853 rausi
1188 4808 1279 4854 dilatari
1307 4809 1369 4854 debu
1390 4813 1439 4863 φ*

179 4865 280 4920 ciuntur,
302 4863 354 4908 hinc
374 4874 452 4908 carent
471 4865 540 4911 radiis
556 4866 669 4911 solaribus
688 4866 738 4911 loca
753 4882 806 4926 qum
839 4867 1020 4916 semi-diameter
1040 4870 1119 4917 Terra
1136 4873 1159 4918 in
1177 4879 1209 4922 35
1226 4874 1262 4919 vel
1280 4881 1311 4921 40
1329 4867 1440 4919 milliari!¹

179 4938 242 4976 uam
257 4927 434 4989 atmosphaeram
445 4944 484 4975 eos
501 4930 601 4990 recipere
617 4931 733 4986 deberent,
751 4929 805 4977 fun·
838 4930 898 4977 soret
908 4941 983 4977 aucta-

1262 4580 1287 4634 C
