3330 5692
195 497 257 553 910
494 489 561 555 DE
583 489 737 555 CAUSA
762 490 966 559 PHYSICA
990 489 1181 557 FLUXUS

191 672 280 723 motu
301 658 403 724 Lunae
424 655 589 744 desumpta
612 659 799 739 adhibenda,
825 675 861 726 ut
874 673 997 747 tempus
1013 684 1076 747 quo
1089 681 1177 723 mare
1192 657 1233 722 ad
1248 658 1420 721 maximam
1434 679 1475 720 as·

191 782 298 856 surget
317 768 512 833 altitudinem
534 770 585 833 die
607 771 758 834 novilunii
780 773 830 836 vel
850 772 1012 856 plenilunii
1028 769 1202 837 accuratids
1218 768 1397 834 definiatur.
1441 767 1475 833 Iu

189 877 340 941 oestuariis
357 889 460 940 autem
476 877 590 941 diversi
605 879 743 943 existunt
757 893 851 943 aestus
866 892 1016 966 tempore,
1041 892 1077 943 ut
1097 879 1236 964 loquitur
1259 876 1393 955 Plinius,
1416 898 1474 939 nou

188 992 309 1055 ratione
323 989 492 1054 discordes.
537 992 614 1057 Duo
629 1007 723 1056 aestus
739 992 793 1077 qui
808 992 938 1079 singulis
953 992 1064 1055 diebus
1078 991 1309 1075 producuntur,
1326 1012 1393 1054 non
1409 1003 1475 1052 sunt

188 1122 311 1184 semper
324 1098 480 1186 aequales3
503 1100 647 1162 matutini
663 1101 747 1163 enim
762 1103 895 1186 majores
912 1113 985 1165 sunt
998 1102 1181 1185 vespertinis
1202 1114 1346 1186 tempore
1366 1101 1473 1186 hyber-

186 1229 238 1283 no,
256 1207 392 1269 minores
407 1221 549 1291 tempore
563 1207 682 1283 aestivo,
698 1208 873 1292 praesertim
888 1209 921 1271 in
935 1208 1068 1294 syzygiis
1083 1208 1294 1272 luminarium.
1311 1209 1353 1291 (⁸)

229 1312 274 1376 ll.
298 1313 350 1378 De
366 1326 453 1374 motu
468 1312 562 1374 maris
578 1325 736 1376 menstruo
751 1315 811 1378 tria
824 1313 983 1400 praecipue
998 1327 1071 1377 sunt
1081 1313 1286 1377 observanda.
1328 1313 1473 1378 1.AEstus

185 1421 266 1484 fiunt
280 1420 410 1483 maximi
425 1418 555 1506 singulis
570 1421 729 1485 mensibus
743 1422 925 1506 paulopost
939 1422 1079 1508 syzygias
1093 1421 1174 1487 Solis
1185 1436 1217 1485 et
1229 1421 1345 1498 Lunae,
1357 1419 1472 1485 decres-

185 1542 262 1595 cunt
275 1530 308 1592 in
323 1529 455 1593 transitu
470 1528 573 1593 Lunae
588 1529 629 1593 ad
644 1531 858 1616 quadraturas,
882 1546 914 1596 et
935 1545 1007 1595 sunt
1027 1531 1123 1617 pauld
1136 1545 1210 1618 post
1225 1532 1357 1595 minimi.
1402 1529 1468 1598 Dif-

183 1639 313 1704 ferentia
328 1650 415 1702 tanta
429 1650 485 1716 est,
502 1652 537 1703 ut
552 1661 697 1704 ascensus
718 1643 812 1705 totius
827 1666 917 1728 aquae
931 1643 1085 1706 maximus
1101 1645 1141 1706 sit
1155 1642 1196 1707 ad
1212 1643 1381 1706 minimum
1395 1643 1470 1727 ejus·

184 1754 256 1817 dem
270 1752 395 1828 mensis,
413 1749 585 1814 secunddm
601 1752 752 1837 quasdam
768 1755 1009 1831 observationes,
1029 1767 1065 1818 ut
1081 1765 1100 1820 9
1116 1754 1156 1818 ad
1171 1763 1201 1832 5,
1219 1755 1300 1819 etin
1317 1752 1471 1817 nonnullis

183 1859 306 1922 casibus
329 1856 505 1929 differentia
532 1859 715 1925 observatur
741 1861 846 1926 adhuc
871 1864 979 1946 major.
1036 1870 1067 1925 9.
1095 1861 1206 1927 AEstus
1232 1874 1306 1925 sunt
1332 1863 1470 1946 majores,

183 1971 302 2033 ceteris
324 1969 463 2053 paribus,
488 1970 551 2055 qud
573 1971 675 2033 minor
698 1985 746 2035 est
766 1972 912 2035 distantia
928 1972 1028 2035 Lunae
1043 1996 1062 2035 a
1077 1971 1189 2048 Terra,
1205 1971 1301 2057 idque
1318 1971 1352 2034 in
1367 1968 1470 2056 majori

183 2080 304 2144 ratione
319 2079 413 2165 quim
428 2080 550 2144 inversa
564 2080 723 2166 duplicata
736 2081 961 2158 distantiarum,
987 2095 1021 2145 ut
1040 2104 1079 2145 ex
1094 2081 1188 2145 variis
1203 2080 1470 2144 observationibus

182 2187 351 2275 colligitur.
383 2189 444 2252 Ex.
456 2212 504 2276 gr.
517 2212 601 2252 anno
614 2198 705 2258 1713.
722 2213 867 2255 ascensus
879 2214 968 2277 aquae
983 2192 1015 2254 in
1028 2192 1126 2256 Portu
1145 2192 1335 2268 Bristonico,
1350 2191 1390 2275 (⁶)
1403 2187 1471 2253 ret'c·

180 2309 269 2362 rente
291 2299 401 2362 eodem
418 2299 457 2363 cl.
474 2301 550 2377 viro,
574 2308 638 2366 26⁰.
645 2300 738 2364 Febr.
754 2300 813 2365 suit
826 2301 942 2386 pedum
958 2309 999 2365 99
1014 2301 1185 2387 digitorum
1202 2309 1232 2364 5.
1248 2313 1280 2363 et
1297 2300 1412 2364 Martii
1424 2306 1473 2364 lt‘.

180 2408 297 2493 pedum
322 2418 372 2474 18.
389 2409 478 2496 digit.
495 2418 525 2474 9.
571 2410 752 2476 Declinatio
775 2411 875 2474 Lunae
897 2410 929 2473 in
953 2424 1085 2496 utroque
1107 2433 1182 2474 casu
1204 2408 1268 2473 ferd
1290 2408 1468 2484 eadem;in

179 2516 278 2600 priori
299 2515 448 2580 distantia
470 2516 572 2582 Lunae
594 2518 730 2602 partium
747 2527 820 2595 958,
844 2519 877 2581 in
891 2519 1057 2601 posteriori
1070 2518 1208 2601 partium
1227 2525 1324 2595 1009,
1341 2534 1466 2602 quarum

181 2625 329 2690 distantia
350 2625 515 2690 mediocris
541 2640 588 2691 est
616 2637 708 2692 1000.
759 2626 817 2691 Est
838 2640 943 2690 autem
969 2626 1155 2712 quadratum
1174 2625 1299 2689 numeri
1328 2632 1413 2690 1089
1438 2620 1468 2687 ad

179 2737 367 2824 quadratum
388 2741 511 2803 numeri
534 2749 608 2817 953,
640 2754 675 2803 ut
697 2747 738 2802 99
759 2739 856 2824 pedes
880 2749 898 2805 5
921 2739 1009 2827 digit.
1033 2739 1072 2802 ad
1098 2748 1137 2803 19
1160 2737 1257 2822 pedes
1284 2736 1323 2818 l}
1346 2736 1467 2824 digitum

179 2869 326 2913 ascensus
341 2862 445 2912 autem
460 2870 550 2934 aquae
566 2849 598 2912 in
614 2848 779 2932 posteriori
794 2871 867 2912 casu
882 2846 940 2911 suit
955 2847 1078 2910 tantdm
1092 2856 1131 2911 18
1148 2846 1219 2930 ped.
1232 2868 1305 2908 curn
1323 2853 1343 2908 9
1359 2843 1462 2932 digitis

182 2964 212 3019 3.
236 2955 350 3020 AEstus
373 2970 455 3034 sunt,
480 2958 601 3021 caeteris
622 2957 760 3040 paribus,
784 2958 927 3040 majores,
951 2954 1023 3019 edm
1048 2955 1142 3018 Luna
1157 2967 1301 3017 versatur
1316 2955 1349 3016 in
1366 2949 1465 3017 circulo

183 3066 402 3150 equinoetiali,
418 3079 451 3129 et
465 3067 649 3129 minuuntur
665 3079 823 3129 crescente
840 3065 943 3128 Lunae
958 3064 1168 3127 declinatione
1184 3062 1224 3125 ab
1239 3062 1303 3125 hoc
1319 3060 1438 3125 circulo

223 3176 288 3241 Ill.
316 3177 427 3241 AEstus
453 3177 544 3254 fiunt,
570 3178 690 3241 caeteris
723 3178 861 3261 paribus,
885 3177 1027 3260 majores,
1055 3174 1118 3260 qud
1139 3175 1243 3237 minor
1265 3188 1314 3237 est
1336 3170 1461 3237 distantia

182 3287 266 3352 Solis
289 3312 308 3352 a
331 3289 449 3364 Terra3
472 3288 614 3372 adeoque
637 3288 770 3371 majores
791 3287 902 3372 hyeme
927 3286 1047 3349 caeteris
1073 3284 1210 3369 paribus,
1238 3282 1337 3367 qudrn
1363 3294 1458 3345 aestate.

179 3397 371 3462 Differentia
394 3395 471 3459 vero
494 3394 588 3482 longe
611 3397 715 3458 minor
735 3409 783 3459 est
805 3395 897 3480 quarn
915 3418 986 3480 quae
1001 3417 1041 3457 ex
1056 3393 1185 3456 dirersis
1209 3393 1314 3456 Lunae
1329 3387 1458 3456 distantiis

178 3507 287 3570 oritur.
323 3505 383 3570 Ex.
399 3528 447 3593 gr.
465 3505 623 3568 distantiae
641 3505 745 3569 Lunae
761 3506 897 3592 perigcae
912 3504 1038 3568 fuerunt
1052 3502 1188 3588 aequales
1203 3503 1293 3565 Junii
1319 3512 1368 3578 19,
1387 3505 1455 3567 llll·

178 3629 210 3679 et
225 3616 407 3681 Decembri.
425 3624 479 3690 98,
501 3623 593 3682 1719.
610 3638 755 3678 ascensus
771 3638 860 3700 uquae
881 3615 986 3699 priore
1001 3615 1052 3677 dic
1066 3613 1183 3697 pedum
1203 3619 1240 3676 18
1257 3612 1346 3700 digit.
1362 3621 1391 3674 4.
1403 3627 1454 3692 pos·

178 3724 287 3786 teriori
308 3723 427 3807 pedum
455 3731 504 3787 19.
527 3721 616 3808 digit
640 3730 691 3794 9.;
715 3721 881 3784 declinatio
902 3736 1006 3785 autem
1029 3721 1131 3784 Lunae
1146 3717 1203 3782 suit
1218 3718 1316 3802 pauli)
1331 3720 1421 3782 minor
1431 3712 1452 3771 in

178 3829 237 3893 hac
253 3828 346 3914 que'm
363 3831 395 3892 in
415 3829 468 3892 illa
483 3829 708 3892 observatione.
726 3829 761 3910 (⁰)

224 3936 325 3999 Porro
352 3938 384 3999 in
411 3935 546 3999 diversis
576 3934 654 3996 locis
680 3949 774 3996 aestus
801 3946 872 3996 sunt
898 3933 1021 4009 diversi,
1048 3955 1107 4016 pro
1132 3933 1218 3994 varia
1245 3932 1383 3996 locorum
1404 3923 1452 3989 11ῐί·

183 4043 303 4119 tudine,
336 4068 509 4129 eorumque
536 4045 596 4106 situ
625 4057 766 4127 respectu
792 4045 899 4105 oceani
931 4043 1013 4105 unde
1043 4057 1268 4128 propagantur,
1297 4066 1355 4128 pro
1382 4032 1452 4121 ipsl¹¹5

182 4152 291 4211 oceani
318 4152 535 4235 amplitudine,
564 4164 595 4213 et
621 4150 762 4213 littorum
787 4149 1000 4234 fretorumque
1029 4148 1143 4225 indole,
1170 4149 1300 4235 aliisque
1327 4135 1453 4212 uariisde

180 4280 289 4320 causis.

185 4489 254 4600 „pp
266 4489 341 4538 uus.
354 4491 384 4539 ae
396 4492 490 4542 11111.
509 4494 605 4554 aoysu.
622 4498 689 4541 ruo.
706 4499 772 4542 1⁷12
789 4507 811 4543 a
847 4495 915 4607 ¹753)
935 4495 1008 4542 uren.
1023 4496 1052 4542 ue
1063 4495 1158 4543 111111
1176 4497 1277 4557 amu,
1293 4504 1358 4546 11111
1375 4494 1428 4543 rru-
1442 4480 1467 4519 τ*

214 4617 248 4680 (1)
266 4617 326 4663 ura
