3330 5692
225 478 284 536 108
523 460 863 530 PHILOSOPHIAE
887 456 1160 525 NATURALIS
1207 455 1286 535 [De
1297 449 1435 517 Murro.
1448 447 1534 515 Srsr.

222 642 349 730 regione
365 641 431 706 Soli
445 639 599 725 oppositi.
646 640 683 724 (¹)
713 638 843 702 Summa
856 635 969 698 virium
991 645 1038 697 est
1052 631 1093 695 ad
1108 630 1172 693 vim
1195 627 1373 717 gravitatis
1396 640 1435 691 ut
1459 635 1473 690 l
1497 623 1532 688 ad

124 776 127 781 ’
225 756 404 814 19868900.
449 747 493 811 Ει
507 747 656 832 quoniam
670 745 717 808 vis
731 743 842 808 eadem
858 740 993 805 eundem
1008 739 1069 802 ciet
1082 749 1217 812 motum,
1233 735 1307 798 sive
1324 757 1364 798 ea
1379 732 1530 818 deprimat

222 880 333 945 aquam
351 858 383 919 in
399 855 579 944 regionibus
596 875 667 939 quae
689 862 731 917 90
752 849 902 938 gradibus
918 847 1068 911 distante
1084 845 1167 921 Sole,
1193 844 1262 907 sive
1279 841 1388 906 elevet
1404 841 1528 905 eandem

221 968 255 1031 iu
269 966 449 1054 regionibus
465 964 523 1028 sub
540 962 613 1028 Sole
629 974 661 1025 et
677 961 744 1028 Soli
759 958 920 1044 oppositis,
943 957 1011 1020 haec
1026 977 1147 1019 summa
1162 955 1225 1019 erit
1237 966 1313 1018 tota
1332 953 1420 1018 Solis
1435 953 1480 1015 ris
1493 951 1526 1016 ad

221 1097 307 1140 mare
321 1074 502 1161 agitandum
510 1096 519 1148 ;
535 1084 566 1135 et
581 1070 715 1134 eundem
729 1067 857 1132 habebit
871 1065 1025 1141 effectum,
1042 1085 1079 1126 ac
1094 1062 1120 1125 si
1135 1074 1203 1126 tota
1217 1062 1253 1124 in
1270 1060 1460 1148 regionibus
1475 1061 1524 1123 sub

224 1181 296 1246 Sole
312 1192 344 1243 et
360 1179 426 1244 soli
442 1177 593 1263 oppositis
604 1197 690 1239 mare
705 1174 850 1249 elevaret,
866 1173 899 1237 in
915 1168 1094 1258 rcgionibus
1108 1181 1215 1232 autem
1224 1188 1305 1254 quae
1322 1176 1367 1232 90
1382 1167 1523 1256 gradibus

221 1290 338 1354 distant
352 1311 372 1351 a
387 1286 470 1364 Sole,
487 1285 531 1348 nil
546 1297 661 1372 ageret.

266 1398 349 1464 Hoec
364 1409 411 1462 est
424 1397 471 1459 vis
487 1395 568 1460 Solis
583 1395 624 1458 ad
639 1415 724 1458 mare
738 1392 884 1457 ciendum
899 1391 931 1453 in
946 1390 1016 1453 loco
1031 1389 1141 1474 quovis
1155 1385 1245 1464 dato,
1270 1386 1329 1450 ubi
1346 1385 1404 1451 Sol
1421 1382 1518 1449 tamin

220 1506 336 1569 vertice
349 1504 411 1568 loci
425 1515 567 1568 versatur
582 1499 675 1587 qudm
689 1501 721 1563 in
736 1498 887 1563 mediocri
901 1496 957 1560 sui
978 1492 1123 1560 distantii
1138 1516 1157 1557 a
1173 1493 1294 1558 Tetri.
1342 1495 1385 1579 (⁸)
1410 1493 1448 1557 ln
1460 1490 1519 1557 ⁸13

223 1614 304 1679 Solis
319 1611 525 1697 positionibus
540 1610 586 1672 vis
601 1608 642 1672 sd
657 1630 743 1671 mare
765 1604 970 1670 attollendum
985 1615 1033 1666 est
1047 1615 1082 1665 ut
1096 1600 1182 1664 sinus
1197 1623 1315 1663 versus
1330 1598 1441 1685 duple
1458 1596 1515 1663 alti·

221 1721 337 1786 tudinis
350 1719 432 1785 Solis
447 1739 542 1802 supra
552 1716 746 1780 horizontem
756 1713 817 1777 loci
828 1709 945 1776 duecte*
959 1722 991 1773 et
1004 1709 1103 1773 cubus
1114 1707 1280 1772 distantiae
1290 1706 1379 1773 Solis
1393 1730 1414 1771 a
1426 1702 1512 1771 Toni

224 1851 363 2000 militiidl.
381 1928 464 1998 Crlm
473 1932 519 1995 vis
527 1930 702 2018 centrisuga
710 1930 846 2014 partium
858 1928 970 1991 Terrae
983 1949 1004 1989 a
1018 1925 1134 1989 diurno
1145 1923 1264 1987 Terrae
1276 1937 1372 1988 motu
1383 1918 1508 1989 orimda

222 2065 294 2128 quae
308 2054 356 2107 cst
369 2041 410 2105 ad
424 2041 486 2104 vim
501 2040 662 2129 gravitmis
677 2050 713 2102 ut
729 2046 742 2100 1
763 2037 804 2100 ad
819 2045 893 2114 989,
910 2036 1023 2100 efficiat
1036 2048 1072 2099 ut
1086 2032 1220 2099 altitudo
1236 2057 1338 2121 aquae
1352 2036 1508 2123 subaqua-

177 2166 183 2188 ¹
222 2165 291 2212 tore
321 2159 448 2232 superet
473 2149 540 2232 ejus
566 2144 763 2209 altitudinem
789 2142 848 2206 sub
871 2142 952 2227 polis
976 2140 1122 2205 mensuri
1145 2138 1271 2224 pedum
1301 2141 1506 2206 Pariaieririm

224 2265 343 2335 85479,
359 2270 395 2320 ut
409 2278 503 2340 supra
517 2256 548 2318 in
565 2256 660 2338 Prop.
673 2253 786 2328 XIX.;
803 2253 849 2316 vis
865 2253 973 2316 solaris
988 2253 1028 2316 de
1038 2251 1100 2338 qui
1111 2251 1247 2338 egimus,
1267 2250 1346 2317 edm
1361 2251 1504 2317 sitadri·

222 2366 382 2454 gravitatis
396 2377 432 2429 ut
448 2374 461 2428 1
481 2364 530 2428 ad·
540 2358 719 2440 19868900,
736 2375 829 2448 atque
844 2357 916 2423 ided
931 2358 971 2423 sd
988 2363 1048 2424 vim
1064 2358 1150 2422 illam
1172 2359 1392 2448 centrifugam
1411 2376 1444 2424 ut
1455 2364 1504 2422 stt

224 2475 264 2539 ad
284 2482 452 2540 19868900
467 2495 521 2538 seu
540 2481 554 2537 l
574 2472 614 2536 sd
630 2477 747 2547 44597,
771 2468 810 2554 (“)
827 2467 940 2532 efficiet
962 2480 998 2531 ut
1018 2465 1149 2532 altitudo
1164 2486 1262 2551 aquae
1287 2467 1322 2530 in
1344 2465 1502 2555 regicmbu

223 2581 282 2645 sub
300 2583 373 2647 Sole
389 2594 420 2646 et
435 2582 503 2647 Soli
516 2581 667 2667 oppositis
682 2591 809 2663 superet
822 2575 1018 2642 altitudinem
1032 2578 1099 2662 ejus
1114 2577 1146 2639 in
1162 2574 1256 2654 locis,
1274 2598 1350 2664 quae
1364 2587 1408 2644 90
1418 2573 1499 2664 gul

219 2679 278 2744 bus
294 2680 409 2744 distant
430 2704 450 2744 a
473 2681 555 2758 Sole,
578 2681 723 2744 mensuri
739 2678 861 2744 tantilm
875 2680 964 2765 pedis
980 2681 1071 2745 unius
1088 2680 1281 2746 Parisiensis
1305 2695 1339 2747 et
1355 2683 1499 2772 digitur·
1556 2712 1559 2731 ·

220 2788 365 2853 undecim
381 2810 452 2852 cum
465 2788 619 2853 tricesimi
629 2800 717 2873 parte
733 2789 832 2876 digiti.
869 2790 927 2853 Est
941 2790 1023 2853 enim
1038 2789 1107 2854 hoec
1117 2812 1272 2855 mensura
1288 2793 1332 2857 ad
1346 2811 1497 2857 mearam

219 2897 335 2981 pedum
351 2904 456 2963 85479
473 2910 508 2960 ut
525 2905 538 2959 1
558 2896 600 2960 ad
615 2904 732 2965 11597.

251 3067 288 3130 (¹)
302 3067 784 3130 'Summouiriumestadvimgraritatia
795 3075 848 3116 utS
883 3074 920 3116 14.
942 3069 1011 3129 Ριορ.
1032 3069 1130 3116 val.
1151 3069 1206 3116 Lib.
1223 3070 1263 3130 l.)
1282 3072 1423 3119 considerari
1437 3070 1497 3131 ψ

219 3131 247 3178 cd
259 3139 387 3180 38001600
398 3132 445 3178 sivc
456 3143 483 3178 ut
496 3138 503 3179 1
520 3132 549 3178 ad
564 3138 695 3180 19868900.
881 3135 964 3193 poterit
980 3134 1013 3179 vis
1031 3134 1090 3180 Solis
1106 3133 1135 3179 ad
1151 3149 1218 3180 marc
1234 3137 1396 3183 attollendum
1411 3149 1435 3182 ιιι
1447 3135 1496 3179 aiu

880 3214 959 3244 versus
971 3198 1048 3257 duploe
1064 3197 1195 3244 altitudinis
1208 3200 1274 3246 Solis
1291 3203 1363 3263 sopri
1378 3202 1495 3247 mn

252 3263 286 3326 (¹)
305 3268 317 3291 ⁶
331 3267 361 3311 In
372 3267 423 3310 aliis
434 3267 488 3311 Solis
497 3266 650 3324 peritioribus.
689 3262 848 3325 lliicviaqua
880 3261 924 3308 loci
944 3262 1029 3309 directe
1048 3272 1071 3308 et
1090 3264 1164 3308 cubus
1187 3262 1311 3311 distantia
1335 3266 1395 3313 Solis
1410 3281 1423 3310 a
1439 3262 1494 3310 rari

219 3327 512 3387 maximedeprimirurubi
526 3328 564 3373 Sol
574 3338 677 3374 versatur
687 3329 710 3373 in
720 3329 846 3384 horizonte,
880 3326 977 3373 inversi.
1004 3325 1122 3373 ceterum
1132 3329 1245 3374 totalitec
1258 3329 1495 3390 Propositum

218 3403 241 3438 et
252 3392 354 3439 maxime
364 3392 466 3438 elevatur
477 3393 516 3437 ubi
533 3392 572 3438 Sol
584 3393 608 3436 in
620 3394 704 3438 vertice
715 3394 759 3437 loci
771 3408 845 3438 versa·
879 3390 1006 3437 admodum
1017 3391 1107 3436 calculo
1124 3401 1220 3437 tractata
1232 3393 1325 3456 legitur
1342 3396 1365 3439 in
1376 3394 1441 3440 trau
1450 3391 1493 3438 Db

219 3467 263 3502 tur.
291 3456 499 3515 Depressioautcm
512 3466 535 3501 et
546 3456 762 3517 elevatioaquarum
772 3457 846 3516 magis
879 3456 1101 3517 sertationibusquoe
1115 3455 1167 3500 Vol.
1186 3455 1240 3502 lll.
1257 3460 1422 3520 adjecttm

218 3536 245 3567 ac
261 3536 335 3581 magis
346 3521 512 3581 decresctquo
528 3521 597 3566 altilis
613 3522 651 3566 801
664 3521 766 3567 ascendit
776 3519 846 3580 suprd
911 3519 975 3582 (l)’
990 3522 1012 3565 E
1055 3522 1223 3566 tutoltitudo
1234 3540 1315 3584 oque.
1353 3521 1491 3594 Qus-nep

219 3587 370 3639 horizontem,
388 3596 429 3630 aut
445 3602 458 3630 a
475 3600 498 3629 ιι
497 3585 557 3631 rtice
569 3584 693 3631 descendit„
733 3584 846 3631 Praeterei
879 3586 1035 3642 variispenu
1021 3584 1114 3629 ulorurn
1131 3581 1491 3644 observationnsusermime

219 3650 268 3694 lucc
279 3649 395 3708 depressio
406 3659 448 3695 aut
458 3648 493 3694 elc
487 3650 554 3695 vatio
565 3651 626 3695 circa
636 3650 728 3695 initium
740 3661 764 3695 et
775 3649 846 3695 finem
880 3649 991 3695 institutis
1002 3647 1088 3710 gradis
1103 3647 1225 3694 meridiani
1239 3653 1360 3698 mensuris
1373 3646 1492 3697 ducato

219 3712 313 3768 lentitia,
321 3712 381 3759 cuci
392 3713 494 3759 medium
505 3713 661 3760 erocelenus
670 3725 794 3768 minuitur
807 3712 846 3760 sed
879 3712 959 3772 palari,
974 3713 1046 3759 'lerra
1063 3712 1130 3758 altior
1148 3722 1183 3758 est
1201 3716 1247 3759 sub
1269 3710 1490 3776 oequatoeaqnha

219 3778 268 3824 hoec
285 3780 421 3839 contingent
437 3779 563 3824 successiva
575 3793 688 3838 aquarum
705 3779 847 3824 incrementa
879 3777 966 3823 theorici
985 3774 1138 3823 Newtonianti
1154 3777 1243 3851 prodiit
1262 3780 1350 3841 (Prop.
1366 3777 1433 3827 xlx.
1446 3775 1488 3823 La

217 3852 240 3887 et
251 3842 426 3889 decrementa'
408 3858 426 3887 u
438 3842 472 3887 ris
483 3843 584 3889 maxima
597 3844 672 3889 Solis
667 3858 691 3888 ιιι
703 3842 787 3888 vertice
801 3843 844 3888 loci
878 3843 960 3903 hujus)
973 3840 1044 3901 pauld
1054 3840 1161 3903 augenda
1177 3843 1222 3888 erit
1238 3844 1344 3891 altitudo
1354 3858 1415 3906 aqu
1425 3842 1490 3886 ἰὼ

217 3907 358 3981 exprimatur
374 3923 415 3966 pcr
431 3907 569 3953 diametrum
587 3907 674 3958 circuli
692 3908 787 3960 hocest,
806 3923 845 3966 per
881 3906 1008 3952 Corollario
1030 3905 1130 3952 delinita.
1171 3906 1358 3956 Observandum
1378 3917 1449 3954 ω
1464 3915 1489 3950 ι

217 3971 293 4017 sinum
306 3986 397 4017 versum
414 3971 479 4018 180⁰.
493 3972 534 4018 seu
547 3972 625 4031 duplae
636 3971 764 4018 altitudinis
777 3973 843 4046 Solis,
880 3971 1036 4018 Corollarium
1058 3969 1117 4016 illud
1138 3970 1243 4030 rigorose
1274 3989 1356 4020 renim
1377 3987 1422 4018 aaa
1438 3984 1490 4019 ant

217 4051 285 4095 supra
296 4036 473 4093 bonzontem
466 4052 490 4081 ιιι
502 4036 553 4081 alus
564 4048 641 4083 auum
656 4036 715 4082 Solis
726 4047 844 4094 positioni
880 4037 1009 4081 Newtonus
1020 4049 1082 4080 enirn
1099 4049 1125 4079 er
1143 4034 1281 4083 differentia
1293 4037 1488 4096 diametrum*

216 4101 304 4146 bus'vis
315 4104 395 4147 eadem
407 4072 541 4147 erliibeatur
553 4115 668 4160 persinas
679 4116 754 4145 versos
766 4101 842 4146 altitu·
877 4101 907 4146 ris
926 4109 949 4146 ct
966 4100 1015 4146 axis
1034 4100 1112 4145 Terrae
1131 4114 1172 4159 per
1189 4099 1325 4159 simplicem
1342 4111 1486 4162 propnm

216 4162 297 4210 dinurn
310 4165 496 4239 duplicaturum
514 4181 584 4226 quare
597 4166 620 4209 in
633 4166 699 4210 variis
713 4165 772 4210 Solis
783 4165 843 4223 posi
876 4163 964 4225 colligit
976 4163 1122 4210 altitudinem
1134 4179 1202 4224 aqut
1214 4180 1242 4209 er
1258 4167 1281 4211 ri
1295 4167 1356 4214 Solis
1371 4163 1485 4213 αἰπὺς

216 4229 324 4285 tionibus,
338 4231 370 4274 tis
381 4230 409 4275 ad
422 4246 484 4275 mare
496 4229 648 4275 attollendum
661 4230 720 4273 sumi
732 4240 807 4288 potest
818 4240 844 4275 ut
877 4241 972 4289 uterque
989 4240 1066 4274 tumen
1078 4243 1143 4273 casus
1156 4240 1192 4273 est
1209 4229 1284 4291 longe
1295 4231 1404 4283 dimum,
1419 4241 1486 4295 μω

216 4292 280 4338 sinus
297 4295 463 4353 versusduplae
480 4294 608 4340 altitudinis
621 4293 681 4339 Solis
697 4293 766 4352 suprl
779 4295 840 4338 hori-
873 4294 987 4353 siquidem
1006 4291 1274 4352 pendetaquadratura
1284 4296 1374 4347 circuli
1387 4286 1485 4340 aminsi

215 4368 314 4411 witern
337 4357 426 4404 seclusi
448 4371 525 4404 tamen
548 4360 719 4435 perturbatione
741 4373 794 4419 quoe
813 4372 839 4403 ex
874 4358 972 4403 refertur
982 4357 1010 4402 ad
1022 4356 1187 4418 quadraturam
1199 4359 1337 4418 hyperbole
1354 4367 1483 4422 (ιιιμΜ

216 4421 277 4464 rani
296 4422 355 4467 Solis
344 4440 385 4468 sa
403 4424 497 4469 'lellure
515 4421 623 4468 ditantia
639 4423 719 4468 ontur
759 4425 791 4467 At
808 4425 842 4467 ris
877 4425 928 4468 Cor
950 4428 971 4468 9.
992 4422 1059 4480 Prop
1081 4421 1134 4467 XC
1152 4421 1206 4467 Lu).
1229 4423 1251 4469 l·
1271 4435 1363 4472 ernct·
1382 4429 1428 4470 108
1442 4419 1480 4464 bl·

218 4483 277 4527 Solis
298 4498 398 4548 augetur
419 4488 452 4533 vol
479 4488 593 4534 minuitur
619 4484 667 4549 qud
695 4485 789 4546 propiiis
811 4487 839 4533 ad
872 4487 963 4548 hujus)
999 4487 1043 4532 Sed
1062 4501 1132 4546 quam
1150 4485 1300 4545 purum*
1253 4505 1269 4534 a
1286 4501 1380 4536 ιιιιιιιε
1394 4487 1481 4539 W

217 4546 312 4593 Terram
324 4551 412 4596 accedit
423 4563 464 4597 aut
476 4551 570 4613 longius
580 4555 609 4599 ab
620 4568 648 4597 ea
638 4551 752 4605 recedit,
771 4551 840 4611 idque
873 4566 974 4625 praesens
987 4550 1148 4602 corollarium,
1166 4564 1265 4610 apparet
1282 4569 1311 4599 ex
1323 4563 1426 4612 eourputv
1438 4558 1480 4591 ¹¹⁰

215 4610 240 4656 in
256 4613 344 4660 ratione
360 4614 473 4674 triplicati
484 4616 668 4664 distantiarum
662 4615 752 4661 intorsi
770 4617 837 4678 (Cor.
872 4618 897 4661 in
911 4615 1079 4661 Dissertatione
1089 4614 1175 4660 claua
1194 4618 1336 4671 Itlnclaurin,
1350 4618 1416 4676 1²14
1429 4612 1453 4656 l
