3330 5692
60 544 173 610 Liar-:n
183 541 362 622 Taurica]
394 544 635 610 PRINCIPIA
660 543 1030 609 MATHEMATICA.
1287 553 1348 611 11⁵

47 714 309 801 ‚acceleratricem
325 712 435 777 Terrae
449 714 481 776 in
497 714 631 789 Lunam,
655 726 686 776 et
700 712 851 777 diameter
866 713 968 777 Lunae
982 713 1024 778 od
1037 713 1223 815 diametrum
1239 716 1350 780 Terra

58 821 271 907 corrjunctim3
293 819 327 883 id
348 832 404 896 est,
428 834 463 884 ut
478 829 528 884 89.
546 827 607 886 788
624 818 664 882 ad
682 827 695 881 l
715 831 747 881 et
764 827 824 883 100
839 819 880 882 ad
896 828 957 885 865
974 820 1171 905 conjunctim,
1195 829 1345 886 seu-1081

60 929 104 993 ad
131 937 203 994 100.
248 926 343 992 Unde
369 924 441 990 crim
466 948 552 990 mare
576 943 718 989 nostrum
744 926 775 987 vi
799 926 901 988 Lunae
926 926 1084 989 attollatur
1110 926 1150 989 ad
1175 926 1272 1010 pedes
1297 929 1348 1011 8},

60 1034 192 1100 fluidum
215 1034 324 1097 lunare
350 1033 381 1094 vi
402 1032 514 1095 Terrae
528 1031 627 1095 attolli
641 1031 771 1094 deberet
790 1031 831 1095 ad
851 1032 947 1115 pedes
970 1042 1021 1097 98.
1067 1032 1175 1119 Eique
1197 1034 1237 1096 de
1257 1035 1348 1097 causti

61 1145 165 1231 figura
180 1143 281 1207 Lunae
306 1141 456 1226 sphaerois
480 1154 570 1217 esset,
598 1141 684 1225 cujus
706 1141 843 1204 maxima
864 1142 1013 1206 diameter
1028 1141 1180 1227 producta
1205 1144 1350 1207 transiret

61 1277 120 1340 per
134 1265 274 1317 centrum
287 1251 406 1327 Terrae,
423 1264 455 1313 et
465 1264 624 1334 superaret
634 1251 802 1314 diametros
812 1252 1083 1335 perpendiculares
1095 1275 1223 1317 excessu
1234 1251 1349 1336 pedum

65 1370 137 1427 186.
183 1360 295 1425 Talem
318 1359 413 1446 igitur
435 1360 567 1447 figuram
593 1360 684 1423 Luna
708 1359 840 1437 affectat,
868 1383 997 1447 eamque
1023 1362 1081 1425 sub
1106 1361 1195 1424 initio
1220 1359 1350 1424 induere

62 1471 182 1537 debuit.
228 1470 271 1546 Q.
288 1492 315 1532 e.
331 1469 351 1533 i.

108 1583 207 1645 Corol.
225 1581 258 1665 (⁸)
276 1579 355 1643 lnde
370 1576 445 1642 verb
459 1577 496 1642 fit
510 1590 545 1641 ut
558 1578 666 1643 eadem
683 1600 806 1663 semper
817 1580 919 1642 Lunoe
933 1578 1026 1643 facies
1041 1580 1073 1642 in
1090 1579 1223 1642 Terram
1238 1578 1349 1642 obver-

63 1704 156 1757 tatur.
203 1691 241 1754 In
256 1690 317 1754 alio
333 1690 414 1754 enim
430 1688 491 1752 situ
505 1710 618 1773 corpus
640 1689 749 1752 lunare
764 1688 922 1774 quiescere
936 1710 999 1751 non
1015 1701 1125 1772 potest,
1142 1687 1198 1751 sed
1210 1687 1249 1750 ad
1264 1687 1350 1751 hunc

62 1875 125 1922 inter
134 1889 160 1920 ae
170 1873 264 1930 aimilea,
275 1873 391 1934 alteraque
405 1872 430 1917 in
441 1871 566 1919 acutiorem
578 1873 687 1930 spbaeroi-
729 1879 803 1917 meter
815 1869 891 1917 Luna
901 1867 981 1916 reraba
991 1879 1096 1916 centrum
1106 1868 1185 1915 Terrae
1193 1866 1301 1928 dirigitur
1310 1870 1349 1929 (ex

63 1939 117 1986 dem
129 1938 225 1985 desinat.
257 1938 337 1992 Quare
349 1937 373 1982 in
385 1952 438 1983 casu
450 1937 566 1995 prasenti,
578 1937 622 1981 erit
636 1936 688 1983 BL
730 1933 805 1994 dem.)
821 1934 875 1980 binc
885 1933 913 1980 fit
923 1945 950 1980 ut
960 1933 1041 1981 eadem
1053 1947 1144 1992 temper
1160 1932 1237 1980 Lunae
1247 1930 1316 1978 faciet
1326 1930 1351 1974 iu

62 2003 94 2051 ad
107 2003 129 2048 L
139 2001 164 2057 F,
173 2001 230 2048 utT
240 2002 262 2048 A
274 2002 304 2048 ad
316 2001 338 2048 T
349 2001 380 2057 E,
389 2000 518 2047 etviciaeim
529 2001 549 2046 B
562 2000 585 2046 D
593 1999 622 2046 ad
637 2002 656 2046 Α
668 2001 688 2047 C
733 2001 828 2046 Terram
839 2001 977 2045 obvertatur.
1013 1997 1092 2043 Positti
1106 2006 1184 2042 autem
1201 1991 1352 2055 sphaeroidict

65 2067 127 2115 sicut
139 2066 161 2113 L
173 2065 193 2113 F
204 2065 234 2112 ad
246 2065 268 2113 Τ
282 2066 311 2119 Ε,
324 2067 368 2112 boc
379 2076 421 2122 aar,
432 2064 451 2111 ei
462 2063 557 2127 equalis
568 2073 627 2111 esset
637 2081 689 2127 gra·
732 2065 809 2113 Lunoe
821 2061 902 2125 figurri,
922 2062 982 2109 iuter
992 2062 1065 2109 varias
1077 2060 1155 2108 Luna
1166 2070 1241 2120 patrea
1251 2074 1299 2105 non
1310 2057 1348 2104 da·

68 3213 130 3262 vitae
140 3214 286 3262 acceleratrix
300 3214 379 3262 Terra
395 3217 420 3262 in
433 3217 523 3262 Lunam
535 3227 604 3277 atque
614 3218 691 3265 Luna
735 3221 797 3267 bitur
814 3218 976 3282 aequilibrium,
996 3218 1040 3265 nisi
1060 3216 1170 3277 sphoerois
1194 3215 1267 3262 lunae
1289 3228 1356 3260 axem

69 3277 97 3326 io
115 3280 219 3334 Terram,
239 3278 338 3326 altitudo
357 3279 422 3327 fluidi
444 3280 532 3327 lunaris
547 3282 571 3326 in
588 3283 691 3341 partibus
735 3300 804 3332 suum
818 3284 906 3331 Telluri
918 3285 1020 3330 obventu
1033 3282 1120 3343 (109);
1136 3296 1207 3342 quare
1218 3281 1242 3324 in
1253 3279 1300 3326 alio
1311 3288 1356 3324 artu

68 3342 184 3404 proximis
194 3353 218 3390 et
229 3343 387 3390 remotissimis
402 3343 473 3407 supra
489 3346 586 3408 globum
606 3347 689 3401 Luna,
741 3364 819 3409 terpus
830 3349 911 3394 lunare
921 3346 1037 3409 quiescere
1048 3362 1094 3392 non
1107 3352 1188 3405 potest,
1200 3344 1240 3390 sed
1252 3344 1357 3389 adhunc

69 3421 132 3455 etet
148 3407 178 3455 ad
194 3408 340 3456 altitudinem
357 3408 423 3457 fluidi
440 3411 551 3457 terrestris
569 3411 691 3473 analogum
736 3413 806 3459 situm
822 3412 948 3458 oscillando
965 3427 1055 3471 semper
1070 3409 1160 3456 redibit.
1197 3409 1308 3454 Attamen
1320 3422 1356 3450 oa·

70 3471 144 3532 cupri
152 3472 249 3534 globum
262 3473 342 3520 Terroe
353 3483 379 3520 ut
390 3474 502 3521 diameter
513 3475 591 3522 Lunae
601 3475 629 3521 ad
642 3476 691 3522 dia·
736 3476 870 3533 cillationea
887 3479 918 3521 ob
928 3476 1063 3535 parvitatem
1076 3474 1158 3519 virium
1170 3471 1194 3517 in
1205 3471 1303 3517 minimo
1313 3469 1357 3515 aci-

71 3548 176 3584 metrum
196 3537 282 3584 Terrae.
321 3537 421 3595 Rursus,
443 3540 463 3584 ai
483 3539 556 3586 Terra
576 3551 601 3586 et
622 3540 694 3587 Luna
736 3540 789 3587 licet
799 3540 848 3588 axis
859 3541 952 3602 majoris
962 3537 1031 3598 supni
1042 3539 1155 3584 minorem
1167 3551 1269 3591 excessu,
1281 3545 1356 3581 eaaent

71 3601 176 3677 nqualea
197 3601 297 3679 bpbeant
316 3601 447 3678 diametros3
470 3615 538 3650 erunt
559 3603 694 3679 altitudines
736 3603 805 3666 longe
822 3604 963 3684 tardissima.
982 3602 1041 3650 aded
1053 3612 1079 3677 ut
1090 3602 1252 3678 nonttur‘betur
1267 3597 1355 3644 lunaris

67 3663 695 3804 bssuztztffil‘tllfttvltlf⁵1.3‘⁰‘'llltt
735 3664 1357 3798 titillet}atltbtlilz‘dltsstltltss

67 3804 145 3851 neque
155 3805 256 3853 gramm
266 3795 410 3842 accelerutrir
424 3797 448 3842 in
459 3797 552 3844 Lunam
562 3796 693 3858 aqualisait
735 3798 848 3856 respicere
864 3795 965 3852 deberet,
983 3795 1054 3856 pontit
1070 3794 1169 3841 alterum
1189 3791 1250 3837 orbia
1269 3789 1356 3836 lunaria

66 3855 187 3964 mutia
203 3859 357 3932 acceleratrici
377 3860 453 3906 Lunu-
473 3862 497 3906 in
518 3863 623 3913 Terram.
650 3875 692 3907 nec
735 3859 871 3906 umbilicum
882 3861 1000 3922 respicere,
1010 3873 1085 3920 neque
1095 3857 1172 3905 atatim
1180 3852 1355 3902 abinderetrahi

68 3928 190 4058 Τατέΐᾲ
201 3920 692 4048 {lbffidibrmdiriduglbtpatzbbilibimil
736 3933 759 3970 a
768 3924 1024 4034 litlebrlaliisbonlll‘ile
1037 3986 1129 4033 Mulran
1145 3985 1170 4031 in
1185 3979 1356 4046 elegantissimi

66 4055 92 4092 et
111 4045 200 4094 ulumrs
215 4048 259 4095 erit
274 4049 302 4095 ad
321 4050 365 4095 vim
383 4051 454 4110 ipsam
473 4052 548 4099 Luna
562 4067 614 4114 quae
628 4067 692 4098 mare
737 4051 903 4098 Dissertationc
919 4051 949 4099 de
971 4051 1042 4098 Motu
1061 4049 1156 4098 Diumo
1173 4047 1274 4096 Telluris
1295 4045 1356 4092 circa

68 4121 175 4156 nomm
192 4110 216 4156 in
233 4112 368 4172 partibuaet
379 4117 422 4161 aub
439 4115 545 4164 Luniet
562 4117 638 4163 Lunae
649 4130 691 4176 op·
737 4117 822 4167 Axmn.
835 4115 1019 4178 qualegiturin
1031 4113 1271 4162 Monuml'ariaan.
1287 4114 1353 4157 1729.

68 4173 150 4247 potitis
165 4175 285 4233 attollitur,
303 4187 330 4223 ut
345 4178 443 4239 gravitas
453 4181 598 4227 acceleratrix
615 4178 692 4226 Lunoe
734 4179 829 4238 exponit
840 4179 966 4226 admodum
978 4177 1097 4241 ingeniose
1112 4188 1181 4238 prout
1191 4190 1282 4235 temper
1292 4173 1353 4226 fecit,
1400 4196 1406 4203 ·

68 4251 94 4311 tn
113 4237 209 4284 Terram
226 4239 256 4286 ad
271 4242 406 4302 gravitatem
417 4244 601 4292 acceleratricem
614 4245 692 4290 Terrae
735 4259 777 4289 rur
795 4243 876 4290 eadem
900 4244 976 4290 Luna
992 4243 1062 4290 facies
1078 4243 1102 4288 in
1126 4242 1222 4289 Terram
1244 4235 1355 4285 contineri

68 4315 94 4347 tu
118 4301 220 4359 Lunam,
242 4315 266 4351 et
276 4305 388 4352 diameter
409 4307 483 4353 Luna
501 4308 531 4355 ad
553 4309 691 4355 diametrum
735 4310 873 4363 ebrematur,
882 4309 999 4370 variasque
1007 4305 1106 4366 explicat
1114 4304 1279 4368 inequalitatte
1288 4302 1356 4347 libra-

69 4364 151 4440 'l'errae
167 4367 318 4440 conjunctim,
337 4369 383 4416 aive
405 4381 432 4417 ut
452 4387 527 4418 masaa
548 4373 624 4419 Luna
640 4387 692 4432 quae
736 4371 804 4416 tionis
821 4372 908 4418 lunaria
927 4372 951 4417 in
969 4370 1147 4434 longitudinem.
1192 4369 1356 4431 conjecturam

66 4438 176 4492 gravitate
186 4432 338 4478 wceleratrici
354 4444 389 4480 eat
405 4435 692 4495 proportionaliaadmns·
736 4434 790 4481 facit
811 4435 846 4480 vir
866 4435 1020 4491 doctissimus,
1045 4436 1212 4496 homogeneam
1238 4445 1284 4477 non
1308 4444 1357 4476 eaeo

66 4507 119 4539 mm
128 4493 207 4540 Terra
210 4510 265 4569 gua
276 4496 357 4543 itidem
366 4499 472 4560 gravitati
482 4501 534 4563 ejus
541 4500 692 4548 acceleranti
738 4499 814 4545 Luna
824 4501 952 4556 materiam,
969 4498 1009 4545 aed
1020 4498 1199 4559 hemispherium
1210 4494 1307 4543 inferius
1317 4508 1357 4540 au-

66 4566 104 4604 at
114 4558 298 4618 propomomlts,
314 4571 337 4607 et
349 4573 376 4609 ut
386 4563 498 4610 diameter
515 4565 592 4612 Luna
603 4565 631 4611 ad
643 4564 692 4611 dia-
737 4563 821 4622 periuri
837 4563 930 4625 gravius
945 4564 1071 4622 supponit3
1087 4578 1135 4623 quo
1150 4565 1225 4622 potito
1234 4558 1302 4606 facile
1317 4556 1357 4602 de·

66 4633 171 4667 metrum
183 4622 262 4669 Terra
272 4625 422 4688 conjunctim.
460 4627 583 4690 Deligari
593 4629 694 4688 corporis
737 4637 851 4673 monstrat
868 4627 961 4673 Lunam
980 4638 1084 4686 respectu
1098 4626 1200 4673 Telluris
1210 4625 1234 4671 in
1245 4625 1291 4670 citu
1302 4637 1357 4667 con-

68 4684 149 4760 Luntp
160 4685 302 4760 nomquim
317 4689 590 4753 plurimaatqueeaimia
607 4695 693 4738 hulten·
737 4690 918 4737 etantimauere.
952 4689 1218 4738 Observatdeindefleri
1234 4700 1359 4746 conpos*

66 4759 108 4796 tur
130 4764 155 4795 rn
177 4751 383 4802 Dissertationibus
401 4754 431 4802 de
451 4756 529 4804 Fluxu
547 4767 570 4803 ct
591 4756 694 4803 Refluru
739 4765 765 4800 ut
775 4764 883 4801 constans
890 4765 984 4801 maneat
1001 4754 1078 4802 Luna
1089 4754 1178 4814 positio.
1196 4753 1240 4800 nial
1253 4758 1361 4799 conatam

68 4812 151 4861 Μᾶήι
737 4833 831 4880 quoque
842 4818 871 4865 ait
882 4818 990 4866 velocitas
1000 4817 1066 4865 fluidi
1082 4818 1106 4864 in
1118 4833 1165 4881 quo
1176 4818 1271 4866 Lunam
1287 4814 1361 4877 iprum

101 4876 134 4942 ζ’)
147 4881 160 4908 ’
174 4881 233 4928 Inde
251 4881 301 4930 verb
309 4887 350 4948 fit.
388 4884 508 4939 Quoniam
524 4886 624 4933 murima
640 4885 688 4932 dia·
738 4881 823 4931 deferri
841 4883 944 4931 maumit.
982 4882 1028 4932 Sed
1045 4883 1070 4929 in
1089 4884 1153 4930 omni
1170 4879 1245 4930 orbiti
1260 4878 1362 4934 clliptrce
