3330 5692
196 605 305 669 Lruan
322 605 501 685 Tannus]
549 605 790 673 PRINCIPIA
815 604 1185 673 MATHEMATICA.
1419 616 1481 679 rat

191 803 366 869 moventur,
385 814 479 878 quam
493 790 672 879 longissime
685 792 801 856 distent
815 792 855 856 ab
870 793 1012 870 invicem,
1029 806 1061 856 et
1076 816 1108 858 se
1123 789 1233 856 mutnb
1246 789 1340 876 quim
1354 791 1482 858 minime

191 897 327 962 trahant.
374 900 446 976 Qut
462 899 502 963 dc
516 900 609 964 causti
626 913 765 978 cometoe,
788 901 861 986 quia
882 900 974 966 altilis
990 903 1192 980 descendunt,
1215 899 1348 988 ideoque
1369 900 1481 966 tardis-

191 1003 268 1067 sime
283 1018 448 1070 moventur
463 1007 495 1069 in
510 1007 651 1092 apheliis,
667 1007 783 1073 debent
797 1007 890 1072 altilis
905 1008 1081 1073 ascendere.

234 1112 375 1190 Cometa,
399 1114 453 1199 qui
474 1137 558 1178 anno
582 1124 666 1180 1680
688 1115 843 1200 apparuit,
867 1116 970 1180 minus
993 1116 1127 1180 distabat
1142 1139 1161 1179 a
1177 1115 1250 1180 Sole
1272 1115 1303 1178 in
1325 1114 1478 1199 perihelio

190 1245 247 1287 suu
262 1223 355 1308 quim
369 1239 459 1309 parte
473 1225 561 1290 sexti
577 1225 720 1290 diametri
741 1226 842 1303 Solis3
865 1239 897 1290 et
917 1239 1048 1311 propter
1062 1248 1215 1290 summam
1230 1224 1423 1289 velocitatem
1445 1225 1480 1287 in

189 1329 299 1394 vicinirl
314 1331 377 1409 illd,
394 1347 426 1396 et
440 1333 623 1397 densitatem
634 1332 769 1418 aliquam
781 1333 999 1418 atmosphaerae
1016 1332 1107 1410 Solis,
1123 1330 1328 1396 resistentiam
1344 1330 1478 1395 nonnul-

189 1437 255 1502 lam
276 1439 391 1504 sentire
412 1440 529 1516 debuit,
553 1452 585 1503 et
606 1439 832 1525 aliquantulum
847 1440 1008 1517 retardari,
1024 1451 1056 1504 et
1068 1437 1198 1524 propids
1213 1437 1253 1501 ad
1270 1437 1376 1503 Solem
1390 1460 1478 1502 acce-

188 1545 283 1610 dere:
306 1559 339 1610 et
353 1547 481 1632 singulis
497 1546 743 1611 revolutionibus
758 1546 936 1611 accedendo
951 1545 993 1638 ad
1004 1546 1120 1623 Solem,
1136 1545 1252 1609 incidet
1267 1546 1293 1609 is
1305 1544 1430 1608 tandem
1445 1545 1478 1607 in

189 1675 304 1738 corpus
327 1653 418 1718 Solis
467 1654 529 1718 Sed
552 1655 636 1718 etin
659 1654 783 1739 ephebo
798 1654 852 1717 ubi
867 1652 1042 1717 tardissime
1057 1665 1209 1728 movetur,
1232 1650 1399 1737 aliquando
1420 1672 1479 1735 per

188 1761 401 1825 attractionem
418 1761 549 1824 aliorum
566 1773 756 1825 cometarum
773 1761 925 1825 retardari
939 1772 1053 1845 potest,
1067 1774 1099 1824 et
1113 1757 1246 1824 subinde
1260 1760 1293 1822 in
1310 1758 1415 1824 Solem
1430 1759 1478 1822 in·

188 1867 303 1932 cidere.
349 1869 386 1952 (⁰)
414 1869 466 1933 Sic
489 1869 582 1933 etiam
608 1869 705 1934 stcllae
731 1869 814 1948 fixoe,
837 1893 908 1955 quae
931 1869 1082 1954 paulatim
1107 1869 1251 1952 expirant
1271 1868 1305 1930 in
1326 1867 1429 1931 lucem
1447 1879 1480 1931 et

188 1998 331 2061 vapores,
347 1978 474 2041 cometis
489 1979 521 2040 in
537 1977 619 2061 ipsas
634 1977 841 2042 incidentibus
856 1977 944 2041 refici
962 1988 1104 2061 possunt,
1120 1988 1152 2040 et
1165 1996 1249 2038 novo
1263 1973 1412 2038 alimento
1426 1996 1479 2038 ac-

188 2104 292 2148 censae
314 2104 376 2168 pro
402 2084 497 2148 stellis
522 2085 610 2147 novis
632 2084 751 2148 haberi.
798 2084 905 2169 Hujus
931 2085 1055 2171 generis
1082 2096 1154 2147 sunt
1180 2083 1278 2147 stellae
1300 2082 1384 2160 fixoe,
1408 2106 1480 2169 quoe

188 2194 293 2259 subito
308 2209 469 2280 apparent,
485 2208 517 2259 et
531 2196 589 2259 sub
608 2195 697 2258 initio
712 2192 806 2280 qudrn
821 2193 957 2257 maxime
974 2193 1148 2277 splendent,
1172 2205 1204 2256 et
1218 2191 1350 2255 subinde
1371 2193 1479 2277 paula·
1509 2268 1512 2276 Ι

187 2305 245 2367 tim
258 2317 455 2368 evanescunt.
501 2304 588 2369 Talis
602 2303 661 2368 fuit
675 2304 764 2368 stella
778 2304 812 2366 in
826 2302 975 2367 cathedra
993 2301 1183 2386 Cassiopeiae
1201 2323 1295 2385 quam
1311 2300 1478 2366 Cornelius

190 2409 326 2475 Gemma
340 2422 450 2474 octavo
466 2409 653 2474 Novembris
668 2416 763 2486 1572,
787 2406 950 2472 lustrando
964 2407 1050 2471 illam
1064 2407 1136 2470 coeli
1156 2418 1278 2490 partem
1288 2418 1380 2468 nocte
1395 2428 1479 2470 sere-

186 2518 229 2583 nti
253 2519 381 2584 minime
406 2519 499 2596 vidit;
531 2532 563 2584 at
588 2532 680 2584 nocte
702 2519 846 2603 proximi
874 2517 1043 2602 (Novemb.
1068 2517 1112 2596 9.)
1135 2515 1212 2580 vidit
1237 2517 1308 2580 fixis
1332 2516 1478 2583 omnibus

188 2628 446 2713 splendidiorem,
462 2642 494 2693 et
508 2630 577 2693 luce
593 2629 647 2693 sut
663 2629 716 2692 vix
731 2629 893 2692 cedentem
909 2628 1036 2692 Veneri.
1083 2627 1179 2690 Hanc
1195 2626 1308 2713 Tycho
1324 2626 1478 2692 Brahaeus

187 2737 267 2801 vidit
281 2738 447 2802 undecimo
462 2738 599 2823 ejusdem
615 2739 731 2802 mensis
746 2737 801 2802 ubi
822 2737 957 2801 maxime
973 2737 1132 2822 splenduit
1141 2761 1150 2813 ;
1173 2751 1205 2801 et
1220 2760 1261 2801 ex
1275 2760 1314 2802 eo
1336 2749 1478 2822 tempore

186 2844 336 2929 paulatim
352 2844 581 2908 decrescentem
596 2858 627 2909 et
642 2845 743 2930 spatio
752 2845 906 2909 mensium
918 2845 1075 2909 sexdecim
1087 2859 1321 2909 evanescentem
1330 2845 1477 2910 observa-

186 2951 240 3014 vit.
273 2949 386 3015 Mense
401 2951 584 3030 Novembri,
602 2952 656 3016 ubi
670 2950 807 3037 primdm
822 2953 976 3037 apparuit,
994 2953 1150 3017 Venerem
1164 2952 1235 3016 luce
1250 2953 1305 3017 sui
1321 2950 1475 3039 aequabat.

188 3056 303 3121 Mense
326 3053 497 3122 Decembri
520 3058 663 3121 nonnihil
689 3058 843 3123 dimmuta
867 3058 979 3124 Jovem
1004 3080 1130 3146 aeqnare
1155 3058 1329 3123 videbatur.
1378 3061 1475 3124 Anno

217 3251 253 3327 (⁸)
263 3255 315 3298 174.
329 3255 387 3300 ’Sic
397 3254 467 3300 etium
477 3255 614 3318 sulloefirae.
646 3251 813 3300 Demellarurn
845 3252 993 3313 aiponamus
1006 3249 1067 3300 orca
1081 3251 1170 3299 atellam
1185 3266 1340 3312 compressam
1359 3250 1476 3300 revolvere

183 3314 349 3362 ranmionibua
365 3315 479 3363 nonnulla
494 3318 532 3363 hic
543 3316 667 3363 afferemus
676 3332 729 3379 quse
745 3318 814 3364 habet
845 3316 962 3378 planetam
973 3317 1075 3379 aliquam
1087 3315 1189 3380 ingentis
1200 3316 1316 3363 molisaut
1324 3327 1437 3364 cometam
1448 3317 1474 3363 ln

183 3379 270 3427 clariss.
286 3380 318 3427 D.
329 3379 360 3426 de
372 3381 551 3440 Maupertuisin
561 3380 647 3427 eximio
656 3381 779 3440 Opueculo
786 3381 816 3429 de
847 3378 921 3428 orbiti
937 3380 1004 3429 valde
1020 3380 1150 3428 excentricd
1165 3391 1189 3427 et
1200 3380 1229 3428 ad
1246 3390 1386 3443 aquatorum
1402 3379 1476 3428 stella

187 3443 281 3505 Frgmis
300 3445 424 3491 Astromm
440 3456 464 3491 et
480 3444 504 3490 in
521 3445 590 3491 lllon·
605 3445 677 3492 Paris.
694 3460 732 3490 an.
745 3450 813 3493 1734.
847 3444 973 3502 inclinatii;
998 3445 1023 3491 in
1042 3445 1085 3492 ute
1102 3445 1165 3492 enim
1182 3444 1311 3506 hypodreai,
1334 3444 1428 3505 planeta
1444 3443 1475 3491 ad

187 3507 263 3562 liras,
280 3523 335 3569 qun
350 3519 406 3555 sunt
424 3508 521 3555 totidem
542 3508 614 3563 Solea,
634 3509 702 3556 variis
716 3509 812 3556 donatas
843 3509 1059 3568 perilreliumsuum
1067 3507 1476 3572 acoedenajurtiattractionialeges

183 3587 234 3620 ease
248 3571 329 3634 figuris
344 3582 408 3620 etex
422 3572 450 3618 iis
460 3573 550 3634 aliquas
560 3573 589 3620 ad
601 3573 702 3636 figuram
718 3573 811 3633 planam
843 3574 1017 3621 inclinationem
1026 3573 1079 3621 fixae
1087 3575 1162 3634 planae
1170 3574 1351 3634 perturbabitet
1360 3574 1415 3620 hinc
1423 3571 1475 3620 lieri

183 3635 220 3682 vel
240 3636 360 3696 planitiem
377 3637 485 3683 accedere
501 3652 548 3684 non
564 3649 686 3699 repugnat.
723 3639 812 3685 Nama
842 3638 928 3698 poterit
944 3648 970 3685 ut
985 3647 1075 3698 partem
1086 3637 1188 3686 lucidam
1199 3637 1255 3684 disci
1271 3636 1339 3684 nobis
1352 3639 1473 3684 obvanam

183 3699 312 3759 sphaeroide
323 3701 489 3760 propemodum
501 3703 612 3761 sphaerico
623 3717 663 3762 per
678 3701 812 3749 innumeros
843 3702 1020 3763 conspiciamus,
1031 3717 1084 3764 quar
1095 3704 1126 3749 ob
1136 3702 1247 3764 exiguam
1261 3701 1339 3749 lateris
1350 3699 1474 3761 compteri

183 3764 272 3825 gradus
282 3764 434 3823 depressionis
444 3781 522 3812 versus
538 3768 604 3826 polos
614 3765 707 3813 tandem
719 3765 813 3813 deveni·
847 3765 973 3813 crassitiem
989 3765 1070 3812 oculos
1081 3776 1171 3813 nostros
1180 3766 1249 3813 anteri
1265 3765 1399 3828 effugiebat.
1435 3764 1475 3812 Ex

183 3841 223 3876 tur
239 3827 270 3876 ad
289 3827 386 3888 planum
406 3828 525 3887 circulare,
544 3830 563 3876 si
583 3828 695 3877 continui
714 3831 814 3877 varietur
845 3831 882 3876 bis
891 3845 985 3893 quoque
995 3830 1135 3893 intelligitur
1145 3829 1195 3881 lieri
1206 3845 1274 3890 posse
1285 3841 1312 3877 ut
1323 3827 1384 3877 eircrl
1394 3828 1475 3889 plane·

183 3892 242 3940 ratio
256 3892 290 3939 vis
304 3892 441 3955 centril'ugoe
458 3893 488 3939 ad
506 3895 651 3956 gravitatem,
667 3906 694 3941 ut
708 3904 771 3955 patet
785 3910 814 3940 ex
847 3905 894 3941 tarn
905 3905 1061 3956 congregetur
1071 3893 1174 3941 annulus
1186 3894 1280 3942 Saturni
1287 3892 1474 3948 annuloaimilia,

182 3972 249 4003 uum.
265 3962 305 4004 56.
340 3957 387 4003 His
406 3958 492 4017 positis,
511 3960 570 4005 ratio
589 3958 653 4005 reddi
673 3959 756 4019 poterit
772 3974 816 4005 cur
846 3959 957 4019 ainempc
965 3969 1055 4005 cometa
1063 3959 1130 4021 cujus
1138 3958 1213 4006 cauda
1221 3974 1249 4005 er
1256 3957 1378 4018 vaporibus
1386 3957 1475 4004 mauis

182 4020 237 4068 ἧκε
247 4019 356 4083 quedam
367 4036 430 4067 nunc
440 4032 574 4082 appareant,
591 4038 655 4070 nunc
669 4035 813 4080 evanescant,
845 4023 910 4069 simis
921 4032 979 4070 matu
989 4023 1050 4070 Solis
1060 4022 1085 4069 in
1097 4022 1208 4083 peribelio
1216 4022 1311 4070 elevatis
1318 4021 1473 4082 componitur.

181 4100 225 4132 cur
248 4095 353 4132 mutetur
379 4100 492 4145 apparens
517 4087 637 4134 atellamm
659 4087 813 4148 quarumdam
845 4087 875 4135 ad
886 4087 1003 4147 planetam
1014 4087 1115 4149 aliquem
1127 4085 1229 4134 maxime
1239 4096 1357 4148 potentem
1367 4083 1473 4146 proxime

182 4149 331 4212 magnitudo,
352 4164 396 4196 nec
418 4164 465 4196 nou
487 4152 557 4198 etiam
579 4166 621 4198 cur
638 4152 710 4198 stellae
728 4151 758 4198 ali
776 4168 813 4198 uas
844 4151 970 4199 accederet·
1005 4151 1055 4198 llic
1073 4151 1137 4198 euim
1157 4166 1270 4212 vaporum
1286 4160 1375 4198 torrens
1390 4159 1474 4198 attrac-

181 4213 248 4275 quaai
271 4228 351 4260 recens
367 4229 469 4261 accensu
487 4216 543 4262 oriri
560 4215 614 4263 visa
632 4217 685 4272 sint,
704 4230 736 4277 qu
774 4231 813 4263 am
845 4216 915 4263 tionis
927 4216 949 4261 ri
966 4215 997 4264 ad
1013 4215 1178 4263 revolvendum
1189 4213 1250 4263 ciret
1264 4213 1381 4276 planetam
1392 4213 1475 4261 annuli

181 4277 315 4341 varoquasi
325 4279 433 4326 extincte
444 4278 516 4326 videri
528 4279 645 4327 desierint·
681 4280 705 4327 Si
722 4281 746 4326 in
758 4280 811 4327 stel·
846 4281 919 4327 instar
937 4289 1014 4339 posset
1031 4279 1163 4342 detorqueri
1172 4297 1180 4337 ς
1198 4279 1245 4326 irnd
1264 4278 1406 4340 impossibile
1425 4293 1475 4328 non

182 4341 259 4389 larum
281 4357 380 4389 numero
397 4345 541 4403 reperiantur
559 4344 643 4406 alique
665 4343 696 4392 ad
712 4344 813 4406 liguram
845 4346 905 4392 foret
920 4343 998 4403 ipsum
1014 4342 1309 4407 quoquecorpuacomete
1318 4342 1379 4390 circi
1395 4342 1475 4404 plane·

181 4406 277 4466 planam
288 4406 432 4463 accedentes,
449 4406 495 4454 illa
505 4408 563 4455 dum
575 4408 658 4455 faciem
669 4423 736 4456 suam
747 4407 814 4455 nobis
845 4420 893 4456 tarn
916 4409 965 4468 rapi
986 4419 1010 4456 et
1033 4408 1065 4455 sic
1086 4408 1179 4469 planeta
1196 4408 1318 4456 satellitem
1337 4408 1472 4470 acquireret.

180 4473 313 4527 obvertum,
335 4473 477 4531 sphaerarum
496 4471 571 4519 instar
590 4475 741 4533 apparebunt.
787 4473 812 4520 Si
848 4473 1041 4520 Haberetautera
1053 4473 1145 4533 planeta
1155 4472 1277 4520 satellitem
1288 4471 1475 4528 dneauuulad

182 4545 263 4581 autem
274 4547 380 4595 respectu
389 4535 461 4582 noemi
472 4536 542 4583 situm
552 4552 621 4584 suum
631 4548 730 4593 mutent,
738 4536 813 4600 magis
845 4549 935 4585 cometa
945 4537 1108 4585 destitueretur
1118 4535 1201 4592 caudi,
1219 4537 1260 4584 sed
1271 4535 1393 4600 adjicietur
1403 4537 1476 4584 etiam

182 4598 219 4645 rel
236 4598 316 4646 minua
331 4599 451 4646 stellarum
462 4599 555 4647 illarum
567 4601 676 4661 splendor
687 4601 812 4658 decrescet,
845 4601 954 4655 annulus,
971 4601 990 4648 si
1007 4610 1098 4649 cometa
1108 4603 1208 4648 caudam
1219 4602 1332 4654 babuerit,
1349 4599 1420 4663 atque
1432 4615 1475 4648 an-

181 4672 251 4722 prout
263 4663 307 4709 boc
318 4663 353 4710 vcl
369 4663 410 4710 illo
421 4663 492 4710 modo
502 4680 551 4712 sese
562 4666 629 4712 nobis
639 4665 768 4719 ostendent,
786 4681 813 4713 ac
846 4665 917 4712 nulus
931 4665 1005 4713 aderit
1020 4665 1071 4712 sine
1085 4665 1191 4722 satellite,
1206 4664 1225 4712 si
1242 4665 1316 4714 cauda
1331 4665 1446 4713 duntaxat
1460 4679 1476 4710 a

181 4726 380 4789 tandemeaigute
390 4728 500 4776 crassitiei
516 4729 578 4775 latus
592 4729 814 4777 exhibeantetaatis
846 4728 940 4791 planetis
960 4731 1095 4777 attrahatur.
1132 4730 1193 4777 Hac
1215 4742 1270 4778 suut
1286 4746 1339 4793 qua
1357 4730 1387 4777 ad
1411 4729 1475 4775 huuc

181 4790 253 4852 longe
264 4805 278 4836 a
289 4793 355 4837 nobis
365 4791 458 4849 distent,
470 4793 604 4852 conspectui
615 4805 696 4840 nostro
706 4810 755 4840 sese
763 4809 815 4840 oru-
850 4793 960 4840 Newtoni
976 4793 1055 4842 locum
1072 4792 1188 4854 precipue
1200 4795 1349 4851 telemacum
1365 4801 1475 4840 ererum

182 4854 390 4904 nindsubducent.
416 4855 699 4912 Quomoddautemfirae
710 4869 815 4917 respectu
848 4857 984 4905 inlaudatia
998 4857 1118 4918 opusculis
1128 4858 1301 4922 elegantissima
1311 4868 1366 4906 suut
1379 4855 1475 4904 Proble-

184 4919 255 4967 -rostri
266 4920 403 4981 positionem
414 4936 481 4970 suam
493 4932 592 4978 mutent,
605 4922 716 4982 explicari
732 4933 814 4984 potest,
847 4932 910 4971 mata
920 4937 974 4986 qua
984 4922 1089 4972 consulat
1099 4921 1178 4973 lector.
