3330 5692
339 556 529 627 FLUXUS
552 561 613 626 AC
637 559 890 627 REFLUXUS
913 560 1071 626 Marus.
1282 568 1340 626 381

59 740 153 823 pulsa
174 736 214 827 ad
233 740 331 805 latera
352 742 494 808 diffluere
510 746 626 831 nequit,
651 745 677 808 si
698 745 824 830 quidem
840 746 924 809 sinus
941 743 1056 809 directe
1070 740 1180 807 versirs
1194 763 1262 806 eam
1277 742 1345 826 pla-

59 873 136 936 gam
157 846 269 936 pateat,
294 852 379 916 unde
400 877 481 940 aqua
501 854 673 919 advehitur.
719 855 771 919 Ex
785 855 834 918 his
848 837 944 941 igitur
958 877 1022 918 non
1038 854 1140 917 solum
1155 853 1233 916 ratio
1248 865 1344 936 patet,

59 979 119 1021 cur
140 980 219 1044 aqua
239 957 304 1022 sere
320 960 434 1046 ubique
449 963 489 1025 ad
504 962 609 1027 littora
629 963 669 1028 ad
691 963 789 1027 multo
810 965 959 1049 majorem
980 963 1175 1027 altitudinem
1197 953 1352 1035 elevetur,

58 1064 155 1152 qudm
175 1066 209 1128 in
230 1066 334 1130 medio
356 1069 444 1146 mari,
468 1070 522 1133 sed
545 1072 637 1134 etiam
660 1093 716 1135 cur
739 1071 877 1135 Bristolii
899 1084 962 1134 tam
984 1071 1119 1133 enormis
1134 1069 1237 1131 fluxus
1261 1068 1343 1129 circa

58 1176 202 1262 syzygias
216 1176 414 1241 luminarium
429 1180 625 1257 observetur3
652 1181 723 1244 edm
738 1182 820 1246 enirn
835 1182 868 1244 iu
882 1182 941 1245 hic
956 1180 1083 1268 regione
1096 1181 1182 1244 littus
1198 1180 1237 1242 sit
1252 1177 1342 1241 valde

60 1284 225 1346 sinuosum
240 1306 276 1347 ac
289 1283 450 1363 vadosum,
466 1310 547 1373 aqua
560 1289 695 1353 maximi
710 1290 740 1352 vi
759 1289 934 1373 appellitur,
958 1312 1059 1374 neque
1074 1289 1115 1353 ob
1131 1289 1343 1352 sinuositatem
1384 1330 1385 1334 =

59 1401 125 1453 tam
141 1387 206 1452 citd
220 1388 359 1454 diffluere
373 1404 485 1475 potest.
531 1396 636 1479 Atque
650 1417 691 1458 ex
711 1393 759 1458 his
781 1397 941 1482 principiis
957 1418 1021 1458 non
1036 1395 1095 1459 erit
1109 1394 1233 1457 difficile
1248 1394 1343 1457 ratio-

58 1519 132 1560 nu
147 1496 400 1562 inconsuetomm
416 1514 558 1578 aestuum,
574 1503 628 1588 qui
641 1504 755 1586 passim
771 1505 802 1567 in
817 1505 909 1568 variis
924 1502 1076 1589 portubus
1091 1501 1343 1565 animadvertun-

58 1618 121 1683 tur,
148 1605 288 1670 indicare
313 1619 405 1693 atque
430 1611 605 1695 explicare3
636 1614 837 1698 quamobrem
861 1614 954 1698 hujus
979 1614 1103 1701 generis
1128 1609 1343 1694 phaenomenis

58 1711 253 1796 explicandis
275 1713 391 1779 diatids
412 1737 477 1779 non
499 1716 710 1796 immoramur,
734 1719 804 1784 cdm
820 1719 1026 1784 consideratio
1040 1719 1179 1783 littorum
1194 1730 1226 1781 et
1239 1715 1343 1779 fluxus

58 1840 151 1904 aquae
166 1823 205 1881 eo
223 1832 332 1902 sponte
347 1821 435 1905 quasi
449 1822 647 1887 manuducat.

101 1934 127 2010 §.
146 1937 217 1994 116.
241 1929 393 2005 Quamvis
408 1943 509 1994 autem
525 1946 587 1994 tam
603 1931 735 1996 affluxus
750 1955 840 2018 aquae
854 1956 894 1996 ex
911 1932 1039 1997 Oceano
1055 1933 1224 2008 Atlantico,
1248 1928 1342 2016 quam

56 2036 198 2100 refluxus
219 2059 277 2120 per
294 2037 421 2101 Fretum
436 2038 572 2103 Galliam
594 2040 634 2103 ab
657 2040 771 2127 anglia
794 2041 951 2119 dirimens,
974 2043 1091 2129 ingenti
1107 2041 1162 2105 fiat
1177 2040 1341 2118 celeritate,

57 2159 169 2210 tamen
190 2143 263 2209 crim
284 2143 391 2209 versirs
414 2146 559 2233 Belgium
580 2148 765 2212 foederatum
786 2172 871 2212 mare
885 2172 960 2213 mox
974 2150 1173 2214 vehementer
1186 2149 1341 2225 dilatetur,

57 2259 100 2322 ab
114 2259 177 2322 isto
190 2258 312 2322 alterno
325 2260 413 2322 fluxu
429 2281 466 2323 ac
481 2261 601 2323 refluxu
617 2260 748 2325 altitudo
766 2263 860 2325 maris
874 2262 907 2324 in
923 2262 1053 2326 Oceano
1068 2261 1258 2326 Gennanico
1273 2282 1344 2324 sen-

58 2366 188 2433 sibiliter
209 2369 322 2432 mutari
344 2369 461 2454 nequit.
507 2371 612 2455 Atque
633 2369 715 2433 hanc
740 2369 781 2432 ob
807 2392 931 2432 causam
952 2370 1045 2432 statui
1072 2382 1203 2453 oportet,
1228 2370 1261 2431 in
1282 2368 1343 2433 hoc

58 2480 139 2543 mari
161 2490 273 2543 aestum
295 2479 450 2563 proficisci
472 2479 640 2541 maximam
654 2492 775 2563 partem
790 2478 830 2541 ab
845 2478 962 2541 affluxu
977 2491 1009 2541 et
1023 2479 1143 2541 refluxu
1159 2500 1248 2563 aquae
1263 2477 1345 2540 circa

59 2589 211 2665 Scotiam,
235 2588 289 2652 ubi
311 2587 549 2652 communicatio
569 2586 661 2672 hujus
683 2587 777 2650 maris
803 2608 873 2651 cum
901 2586 1030 2652 Oceano
1057 2586 1215 2650 Atlantico
1244 2585 1344 2648 multo

57 2697 158 2781 major
170 2706 270 2780 patet3
285 2717 379 2780 quam
394 2695 576 2758 sententiam
593 2716 785 2781 magnopere
797 2695 961 2757 confirmat
976 2695 1086 2780 ingens
1101 2707 1232 2757 aestuum
1248 2706 1344 2756 retar-

61 2802 151 2866 datio
172 2801 215 2865 ad
235 2801 342 2866 littora
364 2801 466 2888 Belgii
486 2815 518 2864 et
540 2801 665 2888 Angliae
687 2801 847 2864 orientalia
862 2800 1040 2865 observata:
1064 2800 1104 2864 ad
1126 2800 1204 2863 ostia
1227 2798 1344 2862 scilicet

59 2907 220 2972 Thamisis
234 2906 384 2993 pertingit
394 2907 498 2971 fluxus
509 2907 621 2991 elapsis
630 2908 695 2992 jam
707 2908 871 2971 duodecim
885 2907 971 2971 horis
985 2918 1057 2991 post
1067 2907 1231 2970 transitum
1243 2907 1344 2969 Lunae

59 3037 115 3100 per
130 3013 353 3091 meridianam,
369 3027 461 3099 atque
477 3014 656 3079 Londinum
668 3037 765 3100 usque
777 3015 875 3078 tribus
887 3014 950 3078 fere
961 3014 1045 3078 horis
1061 3012 1178 3078 tardius
1190 3012 1343 3088 desertur3

49 3120 147 3208 *quod
168 3118 401 3204 phaeuomenon
424 3121 590 3185 consistere
611 3144 674 3183 non
696 3135 800 3205 posset
822 3122 846 3183 si
869 3143 949 3206 aqua
963 3143 1020 3205 per
1042 3120 1170 3185 Fretum
1186 3120 1344 3185 Gallicum

59 3228 164 3293 solam
179 3242 370 3308 moveretur,
383 3227 455 3293 ciun
462 3229 528 3314 jam
538 3229 650 3312 inipso
661 3229 755 3292 Freto
769 3228 933 3291 duodecim
946 3227 1032 3291 horis
1046 3226 1343 3291 retardeturfluxus.

63 3339 196 3403 Interim
218 3349 323 3403 tamen
346 3339 455 3424 negari
478 3361 542 3401 non
565 3350 667 3422 potest
688 3338 764 3423 quin
786 3338 1024 3402 communicatio
1046 3338 1147 3402 Maris
1163 3337 1344 3402 Germanici

61 3470 134 3529 cam
146 3449 280 3515 Oceano
290 3450 449 3514 Atlantico
463 3471 520 3533 per
536 3449 664 3512 Fretum
680 3448 837 3513 Gallicam
852 3462 960 3512 aestum
976 3447 1206 3533 quodammodo
1221 3447 1342 3522 afficiat,

63 3569 154 3643 atque
167 3557 292 3620 fluxum
306 3558 359 3643 qui
375 3559 456 3620 circa
472 3556 608 3620 Scotiam
622 3555 785 3619 advehitur
800 3555 848 3618 vel
863 3556 986 3641 adjuvet
1001 3556 1050 3618 vel
1064 3555 1177 3631 turbet,
1200 3568 1295 3639 prout
1310 3553 1343 3615 hi

64 3665 154 3728 ambo
167 3677 273 3728 motus
287 3664 328 3727 ad
342 3686 429 3727 mare
444 3662 627 3727 elevandum
641 3685 677 3725 ac
691 3661 929 3746 deprimendum
944 3661 993 3725 vel
1006 3662 1105 3748 magis
1120 3661 1201 3724 inter
1217 3683 1252 3725 se
1267 3683 1341 3723 cou-

66 3774 183 3856 spircnt
196 3771 246 3837 vel
260 3775 372 3836 minus.
419 3774 517 3838 Simul
532 3787 633 3837 autem
649 3772 722 3836 hinc
737 3772 917 3859 intelligitur
927 3784 1038 3836 oestum
1052 3772 1145 3834 maris
1161 3793 1201 3833 ex
1215 3771 1344 3835 Oceano

67 3879 225 3944 Atlantico
245 3902 347 3965 aeque
368 3902 440 3944 cum
461 3879 546 3943 Mari
570 3879 803 3944 Mediterraneo
817 3901 918 3964 neque
933 3900 1003 3941 cum
1020 3877 1105 3942 Mari
1124 3877 1245 3941 Baltico
1260 3900 1344 3940 com·

66 3989 215 4052 municari
237 4010 338 4072 posse,
362 3985 434 4052 crim
447 3987 608 4052 intervallo
624 4010 679 4051 sex
693 3986 840 4052 horarum
855 4009 912 4071 per
928 3986 1022 4050 Freta
1039 3983 1199 4048 Herculea
1213 3996 1244 4046 et
1259 3981 1341 4047 Ore-

66 4095 192 4160 mndica
202 4109 324 4160 tantum
333 4119 424 4181 aquae
435 4097 467 4158 in
477 4096 546 4159 haec
557 4095 655 4158 maria
664 4116 765 4180 neque
774 4094 900 4157 affluere
910 4104 1003 4178 queat
1011 4113 1110 4176 neque
1122 4089 1193 4152 inde
1202 4073 1343 4166 refluere,

66 4204 258 4268 utrensibilis
273 4206 403 4268 mutatio
417 4205 450 4267 in
465 4204 628 4268 altitudine
643 4226 732 4288 aquae
741 4205 815 4268 oriri
830 4217 931 4288 queat.
963 4201 1175 4278 Quamobrem
1190 4199 1221 4261 in
1237 4198 1340 4261 istius

67 4311 148 4374 modi
169 4311 308 4374 maribus
322 4333 393 4396 quoe
408 4334 427 4374 a
441 4323 528 4374 vasto
542 4332 658 4373 oceano
680 4323 800 4374 tantum
815 4309 953 4397 angustis
968 4308 1052 4371 fretis
1067 4317 1259 4390 separantur,
1283 4328 1341 4368 aes-

68 4432 112 4483 tus
127 4422 259 4484 omnino
273 4419 376 4484 nullus
393 4422 571 4507 contingere
592 4434 702 4504 potest,
727 4422 785 4483 nisi
805 4421 883 4485 forte
898 4421 971 4485 talia
985 4420 1081 4483 maria
1096 4418 1205 4483 Terris
1227 4415 1345 4479 inclusa

66 4525 131 4610 ipsa
144 4540 212 4591 tarn
228 4527 290 4589 sint
304 4526 417 4611 ampla,
435 4540 471 4591 ut
484 4529 564 4591 vires
581 4528 662 4593 Solis
677 4548 713 4589 ac
730 4527 830 4590 Lunoe
844 4541 955 4591 aestum
969 4527 1157 4610 peculiarem
1172 4525 1204 4588 in
1219 4523 1256 4585 iis
1271 4543 1344 4605 pro-

66 4632 179 4700 ducere
193 4647 325 4720 queant;
348 4635 408 4721 qud
424 4636 463 4698 de
478 4658 511 4698 re
527 4657 602 4699 mox
616 4634 798 4697 videbimus.

102 4749 128 4826 t.
147 4750 222 4812 117.
246 4742 520 4818 Quemadmodum
542 4757 645 4809 autem
667 4743 799 4807 vidimus
822 4743 854 4807 in
877 4742 962 4807 Mari
979 4741 1168 4808 Germanico
1189 4739 1344 4826 duplicem
