3330 5692
67 579 180 643 Lmen
190 577 370 657 Tanarus]
403 577 647 642 PRINCIPIA
671 577 1041 643 MATHEMATICA.
1293 588 1353 642 133

64 754 240 832 viciniores,
264 753 319 840 qui
338 755 370 816 in
389 752 438 816 his
451 752 594 838 partibus
609 764 824 827 versarentur3
846 763 879 815 et
895 751 950 817 Sol
963 750 1163 836 interpositus
1178 750 1357 817 obscuraret

64 874 204 926 caeteros.
237 859 357 924 Vertim
369 860 581 945 percurrendo
594 860 738 923 historias
750 871 951 937 cometarum,
965 860 1067 943 reperi
1081 859 1166 945 quod
1177 861 1354 947 quadruplo

64 968 116 1032 vel
137 967 301 1054 quintuplo
323 968 428 1052 plures
443 968 557 1031 detecti
571 981 644 1032 sunt
662 968 695 1030 in
710 967 932 1051 hemisphaerio
949 967 1054 1033 Solem
1069 991 1185 1046 versus,
1208 967 1302 1055 qudm
1322 970 1355 1033 in

64 1075 287 1159 hemisphaerio
310 1076 464 1161 opposito,
487 1087 603 1159 praeter
624 1074 701 1138 alios
726 1074 934 1159 proculdubio
958 1098 1024 1139 non
1046 1097 1172 1161 paucos,
1197 1100 1276 1163 quos
1300 1078 1357 1141 lux

64 1182 177 1246 solaris
199 1182 328 1247 obtexit.
372 1181 532 1246 Nimirum
554 1183 587 1244 in
601 1181 754 1245 descensu
769 1181 809 1245 ad
831 1182 974 1269 regiones
988 1194 1112 1246 nostras
1126 1205 1226 1269 neque
1241 1184 1356 1248 caudas

64 1289 222 1367 emittunt,
244 1311 347 1376 neque
369 1289 448 1353 oded
470 1290 664 1354 illustrantur
685 1313 704 1353 a
726 1291 809 1367 Sole,
833 1302 867 1354 ut
887 1290 980 1354 nudis
1002 1290 1100 1355 oculis
1115 1313 1148 1355 se
1170 1291 1256 1376 prius
1270 1291 1356 1358 dete·

65 1398 188 1487 gendos
211 1399 387 1478 exhibeant,
412 1398 505 1487 qurim
528 1401 589 1464 sint
609 1401 679 1486 ipso
692 1400 771 1465 Jove
785 1400 956 1485 propiores.
1004 1399 1103 1483 Spatii
1118 1414 1222 1463 autem
1236 1402 1358 1467 tantillo

63 1508 231 1574 intervallo
253 1510 334 1573 circa
352 1510 456 1575 Solem
471 1509 618 1594 descripti
632 1530 705 1594 pars
726 1508 820 1596 longe
842 1509 940 1593 major
956 1508 1076 1572 sita‘est
1090 1531 1109 1571 a
1123 1508 1219 1573 latere
1233 1509 1355 1587 Terrae,

64 1616 155 1703 quod
170 1616 276 1681 Solem
291 1618 434 1702 respicit3
457 1616 551 1702 inque
571 1628 661 1702 parte
682 1614 733 1678 illi
754 1616 870 1700 majore
886 1627 1026 1691 cometae,
1052 1614 1118 1678 Soli
1139 1627 1173 1678 ut
1187 1614 1355 1699 plurimum

65 1725 242 1803 viciniores,
259 1727 356 1813 magis
371 1725 539 1789 illuminari
554 1725 663 1788 solent.

113 1834 212 1898 Corol.
230 1842 259 1897 3.
285 1832 323 1917 (¹)
342 1833 430 1897 Hinc
452 1832 546 1896 etiam
566 1830 763 1895 manifestum
785 1844 841 1908 est,
865 1829 951 1916 quod
975 1828 1044 1893 coeli
1068 1831 1241 1895 resistentib
1264 1832 1358 1898 desti·

64 1954 211 2009 tuuntur.
255 1945 339 2008 Nam
362 1957 491 2008 cometae
513 1944 578 2007 vias
600 1944 741 2030 obliquas
757 1955 788 2006 et
802 1925 1025 2030 nonnunquam
1040 1945 1143 2007 cursui
1165 1944 1358 2028 planetarum

67 2053 242 2118 wntrarias
264 2053 370 2130 secuti,
395 2063 560 2116 moventur
581 2050 775 2114 omnifariam
797 2034 964 2126 liberrime,
989 2061 1021 2113 et
1039 2063 1143 2113 motus
1163 2073 1246 2129 suos,
1266 2055 1357 2118 etiam

67 2173 179 2239 contra
201 2183 326 2225 cursum
351 2160 547 2245 planetarum
568 2158 740 2224 diutissime
763 2172 955 2224 conservant
1013 2161 1047 2244 (¹)
1073 2159 1179 2223 Fallor
1204 2161 1239 2223 ni
1260 2185 1359 2249 genus

64 2268 266 2355 planetarum
287 2270 358 2347 sint,
382 2280 414 2333 et
433 2283 522 2333 motu
541 2283 693 2354 perpetuo
707 2269 740 2331 in
756 2269 864 2332 orbem
880 2269 1018 2332 redeant
1064 2267 1148 2332 Nam
1163 2269 1248 2354 quod
1262 2271 1360 2355 scrip·

66 2391 153 2442 tores
168 2378 263 2464 aliqui
285 2390 423 2442 meteora
437 2401 505 2442 esse
520 2378 637 2455 volunt,
660 2390 879 2464 argumentum
894 2401 913 2441 a
928 2379 1066 2462 capitum
1088 2379 1245 2462 perpetuis
1259 2396 1361 2443 muta·

67 2487 207 2551 tionibus
232 2487 390 2564 ducentes,
417 2486 621 2551 firndamento
649 2509 754 2550 carere
778 2486 910 2550 videtur.
967 2486 1014 2571 (ω)
1036 2485 1149 2570 Capita
1170 2499 1361 2554 cometarum

67 2596 286 2680 atmosphaeris
300 2596 477 2683 ingentibus
493 2597 679 2683 cinguntur;
702 2609 734 2660 et
747 2596 965 2681 atmosphaerae
985 2596 1106 2660 inferne
1120 2597 1278 2661 densiores
1294 2619 1363 2664 esse

68 2703 195 2767 debent
242 2702 338 2768 Unde
352 2704 450 2768 nubes
465 2716 547 2781 sunt,
563 2727 627 2767 non
642 2705 711 2789 ipsa
725 2717 916 2769 cometarum
931 2727 1073 2790 corpora,
1089 2706 1121 2768 in
1134 2705 1245 2791 quibus
1258 2717 1362 2770 muta·

67 2812 169 2875 tiones
190 2810 253 2874 illae
273 2811 424 2874 visuntur.
471 2812 523 2876 Sic
545 2812 646 2874 Terra
668 2812 693 2874 si
715 2834 733 2874 e
753 2810 886 2895 planetis
908 2811 1203 2896 spectaretur,.luce
1226 2812 1360 2877 nubium

67 2943 199 2986 suarum
218 2920 425 3005 proculdubio
446 2921 632 3005 splenderet,
650 2933 684 2984 et
697 2943 810 3004 corpus
826 2921 951 2984 firmum
966 2921 1024 2985 sub
1038 2920 1174 2985 nubibus
1193 2920 1291 3006 prope
1307 2922 1361 2986 de·

66 3029 234 3093 litesceret.
281 3028 333 3092 Sic
348 3027 474 3114 cingula
492 3028 579 3093 Jovis
594 3027 626 3089 in
641 3027 777 3091 nubibus
792 3027 926 3112 planetoe
941 3027 1023 3091 illius
1039 3027 1172 3091 formata
1186 3042 1267 3106 sunt,
1292 3051 1363 3115 quae

68 3142 166 3205 situm
188 3150 311 3202 mutant
332 3139 413 3201 inter
435 3161 478 3216 se,
502 3153 534 3202 et
554 3138 680 3202 firmum
702 3138 789 3203 Jovis
797 3158 910 3223 corpus
931 3160 989 3222 per
1001 3137 1101 3202 nubes
1122 3137 1191 3202 illas
1204 3138 1362 3205 difficilius

68 3244 219 3311 cernitur.
264 3244 307 3308 Et
328 3243 427 3309 multo
449 3245 546 3332 magis
568 3266 700 3329 corpora
715 3264 906 3306 cometarum
923 3244 982 3308 sub
998 3243 1212 3330 atrnosphaeris
1233 3256 1265 3309 et
1283 3267 1361 3330 pro-

66 3353 266 3419 fundioribus
282 3366 313 3417 et
327 3352 529 3417 crassioribus
544 3351 693 3418 abscondi
708 3351 832 3415 debent.
1411 3334 1415 3339 ⁴

102 3592 140 3659 (l)
161 3597 175 3624 θ
192 3595 259 3642 ffinc
276 3596 346 3643 edem
363 3596 514 3660 momjfestam
533 3604 572 3643 ert.
606 3595 698 3643 Clarias.
732 3609 794 3642 cesse
812 3593 903 3641 ridetur
922 3603 949 3640 ut
967 3591 1113 3652 rapidissimo
1129 3593 1242 3641 vorticum
1259 3600 1362 3640 torrente

70 3658 186 3707 cassinus
200 3658 225 3704 iu
243 3657 311 3705 Mon.
327 3658 401 3706 Paris.
415 3674 453 3705 an.
470 3664 537 3707 1731.
557 3660 701 3720 retrogrsdos
732 3659 839 3706 mutrarii
857 3669 999 3704 cometarum
1017 3668 1094 3704 motus
1108 3656 1210 3705 maximd
1225 3660 1362 3717 perturben-

69 3732 214 3770 eometsrum
226 3722 454 3770 motusaddirectos
465 3722 586 3784 ingeniose
598 3723 697 3770 reduxit
731 3732 778 3779 tur,
801 3719 895 3783 citoque
917 3721 1072 3777 destnrantun
1099 3736 1126 3767 ac
1148 3721 1242 3769 tandem
1264 3729 1362 3768 cometa

71 3786 213 3836 observatos
223 3785 377 3847 plurimorum
388 3797 530 3833 cometarum
539 3798 700 3835 motusretro·
732 3786 830 3847 hujusce
846 3785 954 3832 torrentis
971 3786 992 3830 vi
1006 3786 1133 3843 rapiantur.
1169 3787 1204 3832 At
1218 3784 1309 3832 summi
1325 3799 1361 3830 re-

68 3849 156 3914 grados
174 3864 249 3896 meras
265 3865 314 3897 esse
326 3852 471 3911 apparentiae
487 3851 636 3912 conjectatur,
653 3866 701 3897 non
734 3850 827 3913 gulares
837 3865 887 3897 esre
897 3859 1040 3896 cometarum
1049 3858 1133 3903 motus,
1143 3857 1166 3895 et
1176 3847 1360 3896 eontricursum

68 3929 139 3962 secus
158 3929 187 3961 sc
208 3913 309 3961 directus
334 3915 478 3975 planetarum
501 3914 701 3962 circumsolnrium
732 3911 1360 3974 planetarumjdiuuaimtconremrtnounullucome-

69 3988 152 4025 motus
175 3987 270 4038 eppsret
298 3977 424 4041 aliquandb
451 3978 605 4040 retrogradus.
653 3978 700 4026 Sed
735 3987 814 4026 tarum
824 3977 937 4038 exemplis
948 3976 1057 4037 deinceps
1066 3977 1161 4037 patebit.

68 4041 177 4105 quamvis
187 4041 329 4089 celeberrimi
339 4043 438 4105 hujusoe
448 4043 574 4089 nuonomi
581 4042 699 4105 juditium
949 4084 954 4094 ,
1215 4083 1220 4095 .

69 4104 173 4153 mune
192 4120 334 4160 veneremur.
358 4106 484 4154 nonnullos
501 4117 580 4153 tamen
599 4117 700 4154 cometas
764 4082 817 4159 (¹l.⁸
830 4083 1254 4156 Moe''¹¹3⁰⁸3‘⁸¹'if'mmm⁸⁸m'
1281 4080 1360 4156 Qulm

68 4180 138 4216 m
152 4168 207 4217 mg
223 4169 358 4233 „mo
376 4169 457 4217 mma,
475 4170 557 4217 mim
579 4172 699 4232 'ignom
734 4149 843 4221 granbus
867 4145 1027 4220 lundpmentrs
1053 4154 1140 4192 nitatur
1166 4146 1217 4220 lucc
1239 4154 1353 4192 sensenna

67 4246 168 4283 uersum
186 4233 287 4281 mouisse
304 4234 440 4282 conabimur
456 4233 583 4291 ostendere,
600 4235 641 4282 ubi
657 4235 701 4282 hic
732 4211 882 4284 ”¹¹³¹me
903 4219 946 4256 ⁸¹¹²
972 4206 1053 4270 Μὰ
1073 4223 1102 4255 ⁶¹
1130 4223 1198 4255 '⁸¹¹¹'
1219 4219 1353 4256 mma

69 4295 102 4344 ds
112 4312 138 4343 re
149 4304 217 4357 ptura
227 4297 319 4344 dicendi
333 4299 398 4345 locus
408 4298 508 4354 dabitur,
526 4309 646 4361 postquam
657 4299 701 4347 sci·
732 4276 898 4336 Ph⁸⁰⁰m‘¹¹¹⁵·

68 4359 127 4408 licet
137 4361 300 4408 uadiderimus
308 4373 415 4409 motuum
426 4374 568 4410 wmetarnrn
576 4364 698 4411 elementa.
765 4363 807 4428 (¹¹²)
820 4367 833 4394 '
848 4366 928 4424 Capita
939 4373 1081 4412 commensus
1091 4361 1250 4422 stmosphaeris
1260 4361 1284 4408 in
1317 4362 1351 4408 uti

71 4424 191 4486 obliquas
205 4440 255 4476 ete
268 4440 437 4488 nonnunqusm
453 4438 597 4474 cometarum
612 4427 659 4473 vias
677 4436 700 4474 et
731 4430 778 4475 bus
785 4427 849 4489 cingi
858 4427 925 4474 variis
932 4427 1075 4488 argumentis
1083 4427 1233 4486 imposterum
1240 4441 1284 4473 eon
1303 4441 1351 4473 rma

69 4489 152 4537 mnui
166 4489 313 4548 planetamm
328 4492 453 4538 contrarias
463 4490 530 4538 fateri
546 4507 593 4538 non
608 4490 699 4538 dubita-
733 4493 871 4539 Nevtonus.
907 4492 1025 4538 Ceterum
1042 4491 1067 4536 in
1083 4489 1139 4551 ipsis
1154 4500 1299 4538 cometarum
1310 4505 1352 4537 cor-

69 4561 128 4600 runt
145 4552 242 4614 quidam
261 4554 396 4602 Cmesiani.
441 4554 531 4603 Verbm
548 4553 595 4616 qui
612 4555 701 4602 ratione
733 4557 830 4615 poribus
847 4570 894 4602 non
911 4555 960 4601 lieri
977 4564 1100 4616 perpetuas
1114 4555 1254 4602 mutationes
1269 4554 1321 4601 illas
1337 4556 1353 4600 n

68 4615 156 4664 diversi
166 4616 201 4663 illi
212 4627 356 4665 cometarum
364 4628 443 4666 motus
450 4634 505 4666 cum
514 4620 637 4668 vorticibus
645 4634 698 4665 con·
735 4619 835 4666 decursu
846 4618 963 4666 constabit
977 4617 1160 4679 independenter
1170 4617 1267 4667 omnind
1278 4622 1307 4667 sb
1321 4618 1355 4666 illi

69 4679 145 4729 ul‘nri
165 4681 261 4741 possint,
279 4681 376 4730 difficild
397 4683 543 4745 intelligitur,
565 4683 619 4730 ebm
639 4684 701 4730 enim
733 4683 844 4741 opinione
864 4698 918 4746 qun
945 4683 1042 4730 comeda
1071 4683 1178 4746 ingentes
1198 4684 1359 4745 ntrnosphsrras

69 4754 170 4794 mette
182 4744 207 4792 iu
218 4745 325 4809 regiones
340 4746 487 4809 planetarum
498 4748 646 4804 descendant.
660 4763 702 4794 ne·
733 4746 821 4796 tribuit.
