3300 5678
318 558 381 614 2⁵4
565 545 830 624 lNQUlSITIO
854 543 1058 610 PHYSICA
1082 543 1131 607 IN
1156 542 1352 609 CAUSAM

315 718 375 788 tur.
422 723 475 788 Ob
496 721 577 787 banc
599 724 682 787 enim
706 723 806 808 ipsam
827 721 1005 786 facultatem
1018 742 1132 804 corpus
1152 720 1185 782 in
1199 733 1288 784 motu
1302 720 1441 804 positum
1457 719 1522 785 alia
1535 742 1598 786 cor·

314 855 401 917 pora,
427 853 497 917 quae
523 831 571 894 vel
593 832 690 915 ipsius
711 833 810 896 motui
832 831 949 896 directe
971 842 1043 895 sunt
1064 830 1217 914 opposita,
1240 829 1290 893 vel
1311 832 1377 915 ejus
1397 829 1598 895 directionem

316 952 437 1003 mutare
452 952 578 1026 cogunt,
601 938 643 1001 ad
657 951 778 1002 motum
792 938 955 1014 sollicitat3
978 950 1070 1023 atque
1092 937 1189 1022 priori
1211 959 1286 1000 casu
1299 937 1420 1024 regular
1433 938 1598 1002 collisionis

315 1068 492 1130 corporum,
516 1046 681 1129 posteriori
703 1044 778 1109 verb
792 1046 837 1108 vis
853 1044 1035 1132 centrifugoe
1057 1043 1176 1109 indoles
1191 1056 1223 1108 et
1236 1045 1444 1128 proprietates
1459 1047 1598 1111 oriuntur

315 1177 352 1219 ac
367 1154 628 1218 demonstrantur.
674 1152 757 1219 Crlm
778 1155 874 1242 igitur
895 1155 999 1219 omnia
1014 1175 1146 1238 corpora
1160 1156 1318 1217 terrestria
1333 1154 1523 1221 tam-versele
1544 1158 1599 1222 So·

314 1263 386 1338 lem,
403 1258 497 1347 quiam
518 1260 625 1326 versrls
639 1261 771 1325 'Lunam
792 1260 943 1346 perpetub
958 1260 1170 1338 sollicitentur,
1194 1284 1285 1325 causa
1300 1260 1395 1347 hujus
1410 1261 1599 1329 sollicitatio·

317 1371 366 1434 nis
382 1372 531 1434 continuo
546 1369 690 1454 appulsui
705 1371 843 1433 materiae
858 1369 1017 1453 cujusdam
1032 1368 1162 1445 subtilis,
1185 1368 1234 1431 vel
1249 1368 1279 1430 vi
1294 1369 1480 1451 centrifugae
1495 1371 1598 1435 similis

315 1477 453 1541 materiae
483 1476 577 1540 tribui
607 1476 742 1541 debebit.
802 1475 904 1539 Priori
924 1476 1020 1564 igitur
1049 1498 1122 1538 casu
1147 1475 1308 1538 materiam
1333 1475 1482 1541 subtilem
1510 1479 1610 1562 statui⁴

315 1596 482 1669 oporteret,
491 1652 492 1657 η
500 1604 571 1669 quae
585 1594 764 1647 constanter
777 1582 897 1646 summi
913 1581 1076 1666 rapiditate
1091 1579 1163 1644 clun
1175 1579 1215 1643 ad
1228 1580 1333 1644 Solem
1343 1577 1410 1642 trlm
1422 1579 1465 1643 ad
1479 1582 1596 1648 Lunam

316 1691 467 1755 ferretur:
489 1689 668 1775 hujusmodi
684 1690 758 1754 verb
773 1688 954 1776 hypothesis
969 1690 1010 1752 ob
1027 1688 1178 1751 maximas
1194 1685 1403 1764 difficultates,
1426 1689 1540 1772 quibus
1552 1703 1596 1752 est

314 1798 462 1874 involuta,
490 1798 610 1862 admitti
635 1797 763 1862 minime
787 1810 900 1883 potest
957 1796 1063 1861 Primo
1089 1797 1173 1860 enim
1198 1794 1350 1879 perpetub
1370 1797 1462 1860 novis
1486 1797 1595 1862 viribus

316 1915 396 1966 esset
411 1924 500 1986 opus,
523 1926 595 1989 quae
609 1903 769 1967 materiam
785 1903 928 1967 subtilem
943 1903 1154 1967 indesinenter
1168 1901 1275 1966 verstls
1292 1901 1399 1967 Solem
1415 1902 1594 1990 Lunamque

314 2011 475 2095 pellerent,
502 2010 564 2097 quis
594 2012 720 2098 quidem
750 2035 785 2075 re
814 2013 945 2098 quaestio
973 2035 1036 2076 non
1067 2014 1216 2097 majorem
1241 2011 1344 2074 lucem
1373 2026 1593 2098 assequeretur.

314 2117 440 2182 Deinde
473 2119 542 2181 talis
574 2132 676 2183 motus
709 2141 766 2203 per
795 2142 828 2183 se
858 2119 912 2183 diu
941 2120 1109 2184 consistere
1134 2140 1199 2183 non
1227 2130 1342 2202 posset,
1371 2130 1504 2203 propter
1530 2139 1595 2204 pcr-

317 2241 447 2312 petuum
468 2229 607 2292 materiae
629 2229 749 2292 subtilis
771 2228 812 2293 ad
833 2229 942 2293 eadem
956 2229 1025 2293 loca
1048 2228 1199 2292 effluxum
1224 2226 1409 2312 nullumque
1436 2227 1593 2304 refluxum,

315 2351 350 2402 ut
375 2351 532 2403 taceamus
560 2338 621 2403 alia
648 2340 785 2403 maxima
813 2339 1011 2403 incommoda
1039 2361 1110 2402 cum
1144 2335 1317 2401 istiusmodi
1344 2336 1505 2420 positione
1531 2358 1595 2422 per·

313 2448 422 2512 mixta.
635 2447 637 2451 Α

358 2559 381 2636 §.
401 2564 451 2619 18.
476 2554 613 2618 Exclusis
636 2555 731 2642 igitur
752 2556 891 2620 materiae
913 2555 1034 2619 subtilis
1056 2551 1203 2618 continual
1218 2551 1368 2629 allisione,
1393 2565 1542 2640 tanquam
1559 2550 1594 2616 ad

313 2660 396 2723 vires
417 2658 489 2723 cirm
510 2661 552 2724 ad
575 2662 681 2738 Solem
696 2661 763 2725 tiun
780 2662 905 2726 Lunam
920 2662 1081 2726 tendentes
1100 2658 1318 2745 producendas
1332 2661 1466 2725 minime
1480 2660 1592 2735 idonei,

317 2767 379 2830 alia
393 2766 504 2830 harum
518 2768 631 2831 virium
646 2791 738 2832 causa
752 2791 816 2831 non
831 2769 1025 2854 relinquitur,
1042 2768 1101 2830 nisi
1115 2788 1187 2853 quae
1201 2766 1234 2829 in
1249 2767 1279 2828 vi
1294 2767 1472 2854 eentrifugri
1486 2768 1594 2831 conde

312 2884 367 2934 tat.
415 2872 690 2947 Quemadmodum
714 2886 818 2937 autem
840 2875 970 2937 materia
992 2872 1112 2937 subtilis
1134 2873 1166 2934 in
1188 2894 1300 2958 gyrum
1315 2884 1385 2934 acta
1400 2894 1440 2935 ac
1455 2874 1592 2936 vorticem

312 2977 453 3041 formans
475 3000 540 3041 non
563 2978 664 3041 solrlnr
685 2979 789 3042 animo
804 2980 936 3062 concipi,
958 2978 1119 3042 sedetiam
1134 2978 1166 3040 in
1182 2976 1300 3039 mundo
1315 2977 1484 3061 persistere
1500 2992 1589 3065 queat,

312 3087 379 3169 jam
404 3086 477 3149 satis
502 3108 657 3172 superque
682 3099 729 3150 est
753 3087 940 3171 expositum,
966 3085 1037 3149 crim
1067 3086 1099 3147 in
1122 3084 1400 3162 dissertationibus,
1435 3108 1506 3171 quae
1530 3085 1588 3149 crlm

313 3199 445 3284 quaestio
461 3198 608 3262 decausis
630 3200 844 3286 gravitationis
867 3200 1045 3285 agitaretur,
1069 3197 1175 3261 laudes
1191 3198 1407 3261 illustrissimae
1424 3200 1587 3264 Academia

314 3309 524 3387 merebantur,
549 3308 616 3372 trim
638 3311 731 3373 etiarn
752 3312 784 3372 in
799 3311 866 3373 aliis
882 3312 1047 3394 operibus3
1071 3311 1182 3395 quibus
1204 3310 1237 3372 in
1258 3310 1334 3373 locis
1351 3312 1445 3375 simul
1467 3311 1585 3377 dssucide*

312 3428 359 3479 cst
380 3429 549 3492 ostensum,
573 3417 737 3502 quomodo
759 3417 909 3501 ejusmodi
932 3419 1062 3481 vortices
1084 3430 1277 3500 comparatos
1304 3440 1371 3481 esse
1393 3434 1540 3504 oporteat,
1559 3432 1585 3482 ut

314 3526 395 3589 vires
418 3526 599 3612 centrifugoe
621 3527 699 3590 liant
721 3527 878 3612 quadratis
900 3527 1115 3590 distantiarum
1137 3550 1156 3589 a
1178 3540 1285 3590 centro
1300 3529 1428 3592 vorticis
1444 3525 1583 3614 reciproci

314 3637 576 3721 proportionales.
622 3637 704 3712 Quae
727 3660 777 3700 res
799 3635 869 3699 crim
892 3660 963 3699 meo
985 3637 1110 3721 quidem
1130 3636 1249 3720 judicio
1270 3637 1337 3720 jam
1360 3639 1536 3721 templana
1553 3637 1583 3698 sit

312 3747 402 3824 lacta,
420 3760 454 3811 ut
470 3748 523 3809 vix
539 3749 703 3832 quicquam
719 3747 912 3830 adpraesens
928 3747 1101 3809 institutum
1117 3747 1249 3809 attinens
1265 3746 1357 3830 adjici
1380 3760 1483 3832 queat,
1506 3744 1581 3810 vorti·

312 3879 384 3920 cum
411 3858 550 3921 ulteriori
580 3858 715 3920 examini
744 3858 810 3920 siue
842 3856 905 3919 ullti
931 3853 1124 3918 haesitatione
1150 3855 1406 3939 supersedemus3
1439 3850 1579 3942 idqneeb

315 3967 423 4051 magis,
446 3965 531 4052 qubd
555 3966 755 4029 celeberrima
778 3963 947 4027 Academia
969 3963 1119 4046 ejusmodi
1145 3962 1281 4046 amplam
1307 3978 1401 4047 atque
1432 3962 1508 4026 adeb
1528 3963 1579 4047 jau

311 4076 481 4138 consectam
498 4076 721 4162 digressionem
736 4073 896 4156 postulare
911 4071 995 4134 haud
1011 4071 1159 4134 videatur.
1193 4072 1352 4146 Quoniam
1368 4073 1451 4134 enim
1468 4069 1577 4157 questio

312 4180 352 4243 de
368 4203 461 4244 causa
475 4184 634 4269 gravitatis
650 4181 721 4245 crim
737 4179 842 4243 versrls
859 4180 990 4242 Terram
1007 4177 1072 4244 tritu
1088 4182 1180 4244 etiam
1199 4178 1307 4243 versus
1325 4180 1431 4245 Solem
1447 4197 1478 4245 et
1491 4181 1577 4267 plane·

310 4302 357 4352 tas
373 4291 439 4373 jam
462 4292 535 4354 satis
557 4305 604 4354 est
625 4289 807 4375 investigata
829 4310 865 4350 ac
889 4288 1039 4364 diremta3
1071 4310 1154 4350 nunc
1176 4287 1311 4372 quidem,
1336 4288 1362 4349 si
1387 4290 1578 4372 cujuscunque

313 4396 513 4482 phaenomeni
538 4421 630 4461 causa
654 4395 692 4460 eb
718 4396 811 4459 fuerit
839 4397 998 4481 perducta,
1030 4397 1144 4459 ibidem
1174 4396 1434 4481 acquiescendum
1464 4397 1577 4466 videtur,

310 4529 411 4591 neque
434 4520 537 4570 actum
560 4507 682 4593 agendo
704 4505 808 4570 denub
823 4507 854 4568 in
872 4506 961 4569 causti
977 4506 1136 4592 gravitatis
1154 4507 1368 4592 investigandis
1385 4506 1515 4570 nimidm
1534 4506 1579 4566 im·

308 4613 424 4675 morari
449 4614 636 4677 conveniret.
690 4614 836 4699 Denique
865 4613 897 4675 in
927 4615 1073 4697 praesenti
1099 4614 1225 4700 negotio
1254 4614 1396 4677 sufficere
1425 4608 1582 4698 possetri

309 4719 403 4784 aestts
425 4720 518 4781 maris
542 4742 634 4782 causa
657 4718 759 4784 adhuc
782 4722 874 4783 tantis
897 4721 1031 4783 tenebris
1047 4721 1194 4783 obvoluta
1209 4720 1248 4783 ad
1263 4721 1322 4783 alia
1337 4720 1476 4784 maxime
1491 4733 1584 4804 aperta

308 4825 516 4908 phaenomena
529 4823 707 4900 reducatur,
732 4849 865 4911 quorum
880 4847 974 4890 causa
989 4847 1052 4889 non
1069 4824 1169 4889 solum
1190 4827 1321 4890 habetur
1336 4826 1519 4909 probabilis,
1540 4821 1585 4889 ted
