3330 5692
587 622 649 688 ET
671 621 925 688 REFLUXUS
949 620 1109 685 MARIS.
1424 621 1487 679 228

205 794 389 878 sphaeroidis
417 818 540 880 semper
561 796 719 860 normalis.
764 804 795 859 2.
817 793 963 858 Fluidum
986 793 1020 855 in
1042 791 1124 855 recta
1139 788 1246 875 quivis
1262 788 1289 852 P
1306 787 1490 872 Casuper·

205 901 277 965 licie
299 901 340 964 ad
361 915 503 965 centrum
525 900 628 979 ducti,
652 901 791 987 ejusdem
810 901 925 985 ubique
943 922 1010 962 esse
1031 896 1188 982 ponderis.
1234 905 1264 960 3.
1288 894 1435 960 Fluidum
1456 897 1489 959 in

204 1013 366 1079 canalibus
387 1013 546 1099 quibusvis
561 1037 581 1077 a
595 1013 758 1099 superficie
773 1011 813 1075 ad
828 1011 933 1074 datam
947 1009 1088 1095 quamvis
1111 1005 1297 1091 particulam
1319 1005 1402 1068 intra
1416 1005 1488 1068 soli·

204 1117 281 1182 dum
296 1119 412 1198 ductis,
428 1119 537 1184 eddam
552 1142 675 1204 semper
688 1120 719 1183 vi
735 1118 919 1204 particulam
933 1117 1017 1180 illam
1033 1136 1153 1202 urgere.

249 1235 278 1289 1.
301 1227 394 1291 Vires
415 1240 491 1294 totoe
504 1251 575 1314 quae
589 1242 686 1315 agunt
700 1230 733 1290 in
747 1227 914 1313 particulas
937 1227 967 1289 A
983 1225 1060 1289 etB
1082 1223 1226 1287 dicantur
1247 1221 1288 1286 M
1304 1235 1336 1285 et
1351 1222 1393 1299 N,
1418 1245 1489 1307 quae

203 1352 245 1394 ex
266 1330 436 1417 hypothesi
456 1344 529 1396 sunt
549 1333 583 1397 in
605 1334 724 1399 ratione
745 1333 851 1395 axium
867 1332 896 1395 C
912 1331 941 1394 B
957 1342 989 1394 et
1005 1330 1033 1393 C
1049 1329 1090 1392 A.
1137 1327 1323 1392 Resolvatur
1336 1327 1382 1389 vis
1403 1328 1490 1411 prior

203 1452 355 1504 ananea
369 1464 441 1527 quae
454 1443 519 1530 agit
534 1440 704 1507 secundum
720 1454 836 1506 rectam
854 1438 921 1504 PC
936 1441 970 1503 in
984 1438 1065 1502 vires
1079 1437 1168 1513 duas,
1181 1436 1309 1499 alteram
1319 1437 1372 1498 axi
1386 1436 1489 1519 paral·

204 1548 311 1627 lelam,
333 1550 463 1614 alteram
483 1551 584 1614 eidem
604 1551 914 1635 perpendicularem
948 1560 1101 1634 eruntque
1125 1546 1176 1611 hae
1202 1546 1282 1609 vires
1308 1567 1430 1629 semper
1455 1558 1489 1607 ut
1520 1606 1524 1613 .

204 1667 300 1719 rectae
316 1655 343 1718 P
359 1656 392 1719 K
414 1668 446 1720 et
468 1657 501 1720 K
517 1656 554 1721 C.
600 1657 696 1724 Unde
718 1655 794 1721 edm
810 1656 856 1719 vis
870 1655 931 1742 quai
946 1655 1081 1743 gravitas
1096 1652 1258 1739 particulae
1274 1651 1301 1714 P
1315 1664 1406 1738 urget
1420 1674 1489 1715 eam

203 1762 379 1828 aecunddm
394 1778 511 1830 rectam
528 1767 555 1830 P
572 1766 605 1829 K
619 1767 660 1830 sit
674 1767 766 1829 etiam
788 1778 824 1828 ut
847 1766 874 1829 P
891 1765 933 1842 K,
956 1786 1014 1849 per
1028 1763 1161 1828 Lemma
1176 1751 1337 1845 superius,
1352 1762 1490 1846 sequitur

203 1871 267 1936 vim
288 1884 387 1936 totam
408 1873 470 1959 qula
491 1875 642 1959 particula
665 1875 692 1938 P
713 1889 842 1961 urgetur
863 1871 1034 1937 secunddm
1055 1885 1173 1936 rectam
1197 1871 1283 1947 PK,
1306 1893 1373 1934 esse
1388 1870 1426 1934 ad
1445 1871 1487 1948 N,

204 1990 241 2042 ut
256 1976 329 2042 PK
343 1978 384 2041 ad
400 1978 428 2042 C
441 1980 479 2044 B.
516 1980 607 2044 Vires
622 1995 684 2043 tres
699 1993 798 2066 agunt
812 1980 846 2042 in
860 1979 1044 2062 particulam
1061 1978 1088 2042 P
1103 1974 1275 2042 secundtlm
1288 1987 1403 2039 rectam
1417 1976 1488 2041 PD

206 2085 260 2151 axi
280 2086 471 2170 parallelam,
496 2089 657 2173 particulae
679 2089 796 2152 scilicet
816 2089 950 2175 gravitas
973 2100 1005 2152 et
1025 2087 1097 2151 duae
1119 2089 1201 2152 vires
1224 2101 1390 2162 extraneae,
1418 2109 1489 2171 quae

207 2192 340 2280 singulae
355 2195 514 2258 variantur
528 2195 561 2258 in
576 2197 695 2259 ratione
709 2208 802 2260 recta
819 2195 847 2258 P
862 2194 896 2259 D
910 2194 957 2257 vel
976 2193 1008 2259 K
1025 2194 1072 2270 C;
1095 2194 1236 2280 adedque
1250 2195 1296 2257 vis
1311 2216 1352 2256 ex
1373 2193 1422 2255 his
1436 2194 1488 2256 tri·

205 2300 266 2364 bus
280 2301 435 2366 resultans
451 2303 510 2366 erit
524 2302 564 2366 ad
586 2303 625 2367 M
640 2317 675 2366 ut
692 2304 719 2367 C
737 2303 768 2368 K
784 2302 824 2366 ad
840 2301 868 2365 C
884 2304 924 2366 Α.
968 2303 1025 2366 Vis
1040 2302 1209 2389 igiturquia
1226 2303 1376 2388 particula
1394 2303 1421 2366 P
1436 2326 1488 2366 ur-

202 2423 297 2497 getur
317 2410 489 2475 secundum
510 2425 625 2475 rectam
650 2412 725 2475 PK
747 2425 795 2475 est
817 2410 908 2474 ad
879 2433 942 2474 vim
957 2433 1019 2496 qua
1035 2423 1164 2498 urgetur
1179 2408 1350 2474 secundum
1372 2423 1488 2473 rectam

204 2516 587 2681 ΡυιιιΝ-Χὲἕιᾱ
610 2517 1085 2681 ΜῖΚΟιΝιμΝῃιΝι
1108 2555 1192 2620 Νι·
1220 2554 1320 2620 ca:
1344 2554 1488 2633 carn

206 2726 285 2791 PK
310 2742 337 2793 Χ
360 2727 388 2790 C
404 2723 456 2790 Α2
471 2728 511 2791 ad
528 2729 556 2792 C
573 2730 605 2792 K
629 2743 654 2793 Χ
679 2729 706 2792 C
723 2726 812 2793 B²
803 2752 823 2794 1.
839 2753 866 2794 e
883 2731 1043 2816 (quoniam
1058 2753 1084 2794 si
1075 2730 1129 2796 P
1143 2730 1173 2794 L
1188 2731 1289 2814 elhpsr
1302 2743 1489 2817 generatncr

203 2832 472 2918 perpendicularis
494 2848 638 2900 occurrat
659 2837 711 2899 axi
733 2837 799 2901 Aa
819 2838 852 2902 in
874 2838 914 2915 L,
938 2839 997 2902 erit
1020 2839 1053 2903 K
1069 2838 1097 2903 C
1112 2838 1153 2902 ad
1171 2839 1202 2901 K
1218 2839 1258 2916 L,
1274 2851 1309 2902 ut
1326 2840 1353 2903 C
1368 2835 1426 2902 A²
1447 2837 1489 2900 ad

206 2941 281 3006 CB
295 2940 319 3020 ⁹,
344 2965 384 3007 ex
405 2943 479 3007 noti
502 2945 617 3029 ellipsis
639 2945 841 3029 proprietate)
864 2959 899 3009 ut
922 2946 950 3010 P
973 2947 1006 3010 K
1031 2960 1057 3013 Χ
1081 2947 1114 3010 K
1134 2947 1162 3010 C
1184 2947 1226 3010 ad
1248 2944 1324 3011 KC
1348 2960 1374 3010 Χ
1398 2946 1431 3009 Κ
1447 2945 1486 3023 L,

205 3047 347 3134 adeoque
361 3061 396 3112 ut
412 3050 440 3114 P
457 3050 489 3112 K
504 3050 544 3113 ad
561 3051 593 3114 K
609 3052 648 3114 L.
693 3052 789 3117 Unde
804 3053 850 3116 vis
866 3054 1036 3137 composita
1049 3053 1233 3137 particulam
1250 3065 1342 3139 urget
1355 3053 1388 3114 in
1402 3052 1487 3116 recta

208 3152 284 3231 PL,
301 3176 373 3240 quae
388 3153 429 3217 ad
444 3157 639 3239 superficiem
650 3156 737 3219 fluidi
752 3157 879 3240 ponitur
893 3159 1174 3242 perpendicularis3
1197 3170 1305 3244 estque
1320 3179 1442 3241 semper
1453 3171 1488 3220 ut
1538 3201 1543 3212 ·

206 3273 288 3323 reeta
301 3258 371 3322 haec
388 3259 415 3322 P
430 3260 469 3338 L,
485 3259 556 3324 crim
571 3263 652 3326 vires
668 3261 839 3327 secundum
853 3277 951 3327 rectas
968 3265 995 3328 P
1012 3263 1046 3328 K
1060 3265 1121 3328 sint
1135 3286 1257 3349 semper
1273 3276 1308 3326 ut
1324 3263 1404 3326 PK.

245 3376 277 3431 2.
303 3368 354 3432 Sit
375 3367 447 3432 LZ
468 3370 615 3434 normalis
637 3371 669 3432 in
692 3370 968 3435 semi-diametrum
992 3373 1019 3436 C
1037 3373 1073 3450 P,
1096 3384 1128 3435 et
1142 3373 1187 3434 vis
1202 3370 1263 3456 qua
1283 3370 1435 3454 particula
1459 3370 1486 3434 P

209 3488 337 3565 urgetur
363 3475 470 3541 versus
500 3492 650 3556 centrum,
682 3480 741 3543 erit
769 3493 805 3544 ut
834 3495 918 3545 recta
947 3482 1016 3547 PZ
1043 3505 1100 3567 per
1128 3481 1268 3568 vulgaria
1297 3479 1487 3544 mechanicae
1615 3496 1617 3500 ’

208 3583 369 3668 principia,
388 3597 419 3649 et
433 3586 556 3670 pondus
570 3587 657 3651 fluidi
672 3588 704 3650 in
719 3588 802 3652 recti
820 3589 887 3653 PC
903 3603 938 3653 ut
951 3591 1165 3678 rectangulum
1178 3588 1205 3653 C
1219 3590 1246 3654 P
1266 3604 1292 3654 Χ
1312 3589 1388 3668 ΡΖ,
1401 3589 1486 3675 quod

204 3707 328 3776 temper
342 3703 389 3755 est
408 3692 527 3778 oequale
541 3695 693 3779 quadrato
707 3717 748 3759 ex
763 3697 906 3760 semi-axi
930 3698 958 3761 C
976 3699 1003 3762 B
1024 3722 1082 3783 per
1096 3698 1228 3764 Lemma
1242 3699 1287 3763 ΙΙ.
1334 3699 1486 3762 Centrum

202 3789 299 3880 igitur
312 3797 475 3882 aequaliter
490 3800 628 3886 undique
643 3815 781 3889 urgetur,
797 3817 904 3890 estque
918 3806 1048 3869 fluidum
1064 3807 1096 3869 in
1111 3807 1284 3892 aequilibrio
1297 3808 1329 3870 in
1347 3805 1384 3870 C.

245 3911 276 3966 8.
303 3903 351 3966 sit
367 3925 389 3987 p
403 3905 556 3988 particula
570 3908 686 3991 quaevis
701 3908 733 3969 in
749 3908 850 3971 solido
865 3910 1042 3996 ubicunque
1058 3913 1125 3989 sita,
1151 3912 1214 3996 Pp
1236 3922 1320 3975 recta
1335 3914 1452 3997 quoevis
1466 3937 1485 3976 a

189 4008 367 4092 superficie
381 4010 422 4073 ad
436 4012 621 4096 particulam
636 4036 658 4098 p
673 4014 783 4090 ducta3
807 4015 869 4078 sint
884 4015 912 4078 P
925 4016 966 4093 K,
982 4017 1025 4101 pl
1040 4017 1194 4081 normales
1209 4019 1242 4080 in
1257 4040 1351 4080 axem
1364 4020 1394 4082 A
1409 4042 1437 4096 a,
1454 4033 1484 4084 et
1589 4010 1592 4016 ⁴

185 4112 247 4179 Vis
261 4117 323 4203 qud
338 4121 490 4203 particula
511 4136 683 4244 purgetur
697 4124 837 4208 pondere
852 4125 941 4188 fluidi
955 4127 988 4187 in
1004 4127 1085 4190 recta
1101 4125 1209 4212 quavis
1234 4126 1483 4307 Ppsecunddm
1601 4143 1606 4151 ”

179 4273 1474 4512 Q<lllfllssss-gfgx²-p-2—ll1-CAxC'l‘l-TC-K'=-(crilnM::zN
1551 4444 1554 4455 ,

185 4577 297 4657 Gn:
289 4550 1482 4719 ww&

196 4761 573 4929 Ἥ,
602 4795 1469 4921 (cumru2ca2-c1c221032201i2

784 4967 889 5014 112³
