3330 5692
458 594 649 661 FLUXUS
671 530 740 659 AC⁸
758 594 1011 662 REFLUXUS
1035 596 1193 662 Manis.
1408 603 1474 683 299Ι

185 762 296 826 Altera
319 777 423 827 autem
449 764 613 828 difficultas
635 766 668 828 in
688 765 755 850 ipsa
777 765 895 850 analysi
919 778 965 828 est
985 766 1096 850 posita,
1120 763 1159 828 el)
1182 763 1266 850 quod
1289 766 1347 830 iste
1368 780 1472 830 motus

185 871 279 934 maris
294 871 469 954 reciprocus
491 893 618 956 prorsus
634 873 674 935 sit
687 872 827 934 diversus
842 871 882 934 ab
896 871 1040 935 omnibus
1058 871 1302 937 oscillationibus
1316 896 1335 935 a
1348 873 1471 937 mathe-

184 976 304 1039 maticis
325 976 428 1040 adhuc
450 977 669 1041 consideratis:
692 979 772 1041 vires
794 979 879 1041 enim
901 977 1003 1041 Lunae
1018 1000 1055 1041 ac
1072 978 1153 1042 Solis
1168 1000 1254 1041 mare
1269 978 1470 1043 sollicitantes

183 1104 286 1169 neque
309 1106 329 1145 a
353 1084 414 1147 situ
438 1084 577 1168 corporis
599 1084 776 1160 oscillantis,
803 1106 905 1170 neque
927 1085 967 1148 ab
988 1086 1053 1168 ejus
1076 1085 1234 1148 celeritate
1253 1085 1402 1169 pendent,
1425 1087 1471 1150 uti

182 1192 216 1255 id
237 1214 297 1254 usu
318 1192 456 1256 venitin
478 1192 623 1256 omnibus
638 1192 865 1256 oscillationum
880 1192 1002 1256 casibus
1024 1192 1117 1256 etiam
1132 1214 1217 1256 nunc
1232 1194 1390 1278 expositis,
1414 1192 1469 1256 sed

182 1322 228 1362 eoe
243 1299 324 1362 vires
346 1322 365 1362 a
387 1300 447 1362 situ
468 1299 667 1363 luminarium
682 1313 825 1383 respectu
840 1298 962 1375 Terrae,
986 1297 1118 1385 ideoque
1133 1323 1152 1362 a
1168 1311 1308 1384 ternpore
1323 1299 1470 1363 detenui-

182 1423 307 1484 nantur,
331 1409 501 1492 cujusmodi
523 1407 730 1471 oscillationes
752 1429 845 1470 nemo
867 1405 980 1483 adhuc,
1004 1420 1155 1492 quantum
1182 1405 1308 1492 quidem
1334 1420 1465 1484 constat,

182 1517 303 1580 calculo
326 1517 465 1602 subjecit.

225 1631 248 1707 l.
266 1633 317 1692 75.
341 1624 437 1700 Quod
452 1625 578 1710 quidam
592 1624 634 1688 ad
647 1626 784 1709 priorem
800 1625 1013 1690 difficultatem
1027 1625 1188 1711 physicam
1202 1626 1321 1702 attinet,
1344 1647 1394 1688 res
1408 1624 1468 1687 hoc

183 1733 309 1820 quidem
331 1746 471 1817 tempore
488 1731 553 1795 sere
574 1730 739 1817 desperata
752 1732 894 1809 videtur3
917 1755 1105 1818 quamquam
1119 1733 1202 1795 enim
1217 1732 1257 1795 ab
1272 1732 1376 1817 aliquo
1390 1744 1469 1794 tern-

182 1864 259 1926 pore
280 1840 401 1904 theoria
423 1839 525 1902 motuis
547 1862 698 1925 aquarum
720 1841 857 1927 ingentia
881 1841 920 1903 sit
939 1853 1080 1903 assecuta
1096 1840 1296 1915 incrementa,
1312 1852 1416 1901 tamen
1432 1861 1470 1901 ea

183 1948 377 2033 potissimum
392 1959 513 2009 motum
528 1969 678 2031 aquarum
700 1947 732 2009 in
748 1947 827 2010 vasis
843 1958 875 2010 et
889 1946 971 2010 tubis
986 1947 1148 2009 fluentium
1163 1946 1343 2030 respiciunt,
1366 1968 1469 2031 neque

183 2059 235 2121 vix
268 2057 367 2121 ullum
399 2056 599 2120 commodum
628 2056 701 2119 inde
730 2054 770 2118 ad
800 2067 920 2118 motum
949 2055 1056 2117 oceani
1091 2053 1306 2117 definiendum
1335 2052 1469 2116 derivari

184 2182 293 2253 potest.
340 2168 556 2243 Quamobrem
577 2169 610 2229 in
632 2165 693 2230 hoc
708 2168 835 2253 negotio
851 2166 935 2230 aliud
950 2167 1116 2251 quicquam
1139 2180 1288 2250 praestare
1302 2188 1365 2230 non
1381 2167 1464 2242 licet,

182 3423 241 3485 nisi
262 3435 298 3486 ut
318 3422 542 3510 hypothesibus
565 3423 758 3510 effingendis,
782 3445 853 3509 quoe
874 3446 893 3486 a
910 3422 1037 3486 veritate
1053 3420 1147 3509 quam
1161 3419 1293 3484 minime
1305 3419 1465 3495 abludunt,

182 3546 247 3596 tota
262 3535 392 3619 quaestio
407 3535 447 3599 ad
462 3534 722 3599 considerationes
739 3535 818 3619 purd
837 3535 1040 3622 geometricas
1055 3548 1086 3598 et
1101 3534 1269 3619 analyticas
1284 3544 1466 3596 revocetur:
1501 3521 1510 3537 ⁸

182 3640 311 3704 alteram
336 3655 439 3705 autem
463 3642 675 3706 difficultatem
697 3642 957 3721 mathematicam,
981 3644 1101 3707 etiamsi
1124 3643 1312 3708 difficillimis
1331 3643 1472 3727 integra-

181 3747 319 3811 tionibus
345 3749 385 3811 sit
409 3749 556 3825 involuta,
581 3760 686 3813 tamen
711 3749 839 3814 feliciter
865 3773 1014 3834 superare
1039 3750 1236 3814 confidimus.
1295 3748 1472 3813 Considera

182 3854 299 3919 scilicet
320 3855 515 3939 superficiem
538 3878 627 3941 aquae
651 3857 731 3935 RS,
755 3879 826 3943 quae
845 3857 906 3920 hoc
927 3856 959 3920 in
979 3859 1039 3921 situ
1055 3857 1262 3943 aequilibrium
1277 3867 1382 3920 teneat
1397 3877 1471 3918 curn

182 3961 303 4048 reliqua
328 3985 418 4048 aqua,
444 3964 571 4026 remotis
597 3964 712 4027 viribus
738 3966 894 4041 externis3
925 3965 974 4028 his
999 3963 1074 4028 veri)
1096 3965 1314 4029 accedentibus
1342 3963 1471 4027 alternis

183 4070 301 4134 vicibus
316 4072 474 4135 attollatur
488 4073 521 4134 in
542 4073 582 4149 A,
607 4071 859 4159 deprimaturque
879 4074 911 4135 in
936 4073 974 4136 B.
1021 4072 1118 4148 Quod
1132 4075 1158 4135 si
1173 4073 1268 4159 igitur
1283 4094 1365 4158 aqua
1379 4071 1412 4133 in
1430 4070 1469 4134 M

186 4202 282 4266 usque
305 4181 345 4244 sit
366 4180 521 4264 depressa,
545 4192 636 4264 atque
659 4192 796 4243 externae
816 4183 897 4244 vires
919 4181 1000 4244 Solis
1015 4203 1052 4244 ac
1068 4180 1169 4244 Lunae
1185 4176 1288 4243 subitd
1304 4192 1470 4255 cessarent,

187 4301 249 4350 tum
274 4288 305 4349 vi
330 4289 489 4373 gravitatis
512 4287 648 4371 propriae
672 4301 836 4350 conaretur
861 4310 927 4350 sese
953 4286 1073 4350 elevare
1096 4309 1194 4370 usque
1217 4287 1250 4348 in
1274 4286 1368 4349 situm
1392 4285 1422 4348 R
1447 4287 1470 4351 S

190 4394 369 4470 naturalem,
393 4395 510 4479 isteque
526 4411 655 4458 conatus
670 4393 708 4457 ed
723 4395 782 4457 erit
797 4396 905 4479 major,
929 4393 992 4480 qud
1006 4396 1104 4479 majus
1120 4393 1213 4457 luerit
1229 4395 1363 4478 spatium
1386 4393 1414 4456 C
1432 4393 1471 4457 M

193 4523 249 4584 quo
270 4526 289 4564 a
311 4503 372 4565 situ
394 4501 526 4564 naturali
549 4500 649 4564 distat.
695 4501 870 4566 Averitate
884 4501 988 4585 itaque
1002 4523 1066 4564 non
1082 4501 1214 4563 multum
1230 4499 1423 4576 recedemus,
1447 4501 1473 4562 si

196 4604 268 4672 hanc
283 4608 347 4671 vim
368 4608 427 4691 ipsi
448 4608 548 4691 spatio
572 4607 655 4671 MC
677 4629 830 4690 ponamus
844 4607 1129 4693 proportionalem:
1153 4606 1357 4693 quamobrem
1371 4608 1476 4693 posito

197 4720 288 4799 spatio
312 4719 351 4781 M
369 4718 396 4781 C
411 4741 475 4781 =s
499 4719 557 4781 erit
576 4717 631 4794 vis,
654 4739 724 4802 quae
746 4738 835 4802 aquae
858 4716 1055 4801 superficiem
1078 4716 1110 4779 in
1133 4715 1171 4779 M
1187 4739 1285 4801 usque
1300 4714 1478 4802 depressam

193 4867 306 4931 attollet
321 4895 356 4921 =
370 4852 419 5011 ἑ,
437 4888 507 4952 quae
523 4865 703 4950 hypothesis
713 4867 752 4930 ad
763 4867 924 4933 veritatem
939 4865 977 4932 εὸ
991 4864 1120 4952 propilrs
1132 4867 1260 4946 accedit,
1273 4864 1358 4954 qudd
1369 4877 1479 4949 sponte
