3330 5692
70 511 375 594 LmsnTsnrrus.]
407 510 657 580 pantenus
674 513 1048 580 MATHEMATICA.
1310 528 1371 585 109

238 789 525 858 PROPOSITIO
549 792 737 856 XXXVII.
785 792 1046 870 PROBLEMA
1071 793 1202 859 XVIII.

385 1007 524 1071 Invenire
538 1010 597 1071 vim
612 1008 712 1071 Lunae
727 1011 770 1074 ad
783 1031 866 1071 mare
880 1012 1060 1073 movendum.

110 1222 148 1307 (θ)
172 1219 229 1282 Vis
245 1219 348 1284 Lunae
363 1220 405 1283 ad
419 1241 506 1284 mare
521 1218 712 1282 movendum
724 1219 901 1306 colligenda
915 1233 1016 1284 estex
1031 1222 1096 1306 ejus
1111 1224 1315 1306 proportione
1330 1225 1371 1290 ad

62 1331 130 1394 vim
146 1330 240 1407 Solis,
264 1342 296 1393 et
309 1329 380 1394 haec
394 1330 558 1414 proportio
573 1330 752 1417 colligenda.
766 1344 815 1395 est
828 1353 869 1394 ex
883 1332 1087 1416 proportione
1102 1347 1244 1404 motuum
1264 1334 1369 1412 maris,

61 1440 120 1528 qui
135 1440 175 1504 ab
190 1440 239 1503 his
254 1440 373 1504 viribus
388 1441 541 1504 oriuntur.
574 1442 659 1504 Ante
675 1442 788 1504 ostium
800 1441 888 1504 fluvii
903 1444 1025 1506 Avonoe
1041 1443 1081 1506 ad
1096 1442 1233 1527 lapidem
1242 1445 1369 1508 tertium

60 1549 149 1617 infra
174 1549 369 1628 Bristolium,
396 1563 539 1635 tempore
564 1573 661 1615 verno
687 1563 719 1615 et
742 1552 915 1617 autumnali
940 1565 1024 1617 totus
1049 1573 1139 1639 aquae
1165 1575 1311 1619 ascensus
1336 1552 1370 1616 in

61 1658 285 1745 conjunctione
301 1671 333 1722 et
348 1659 545 1743 oppositione
560 1658 772 1737 luminarium,
788 1659 972 1724 observante
989 1659 1135 1724 Samuele
1152 1660 1301 1738 Sturmi0,
1323 1672 1371 1725 est

59 1765 182 1854 pedum
196 1766 268 1851 plus
282 1767 386 1830 minus
402 1775 455 1843 45,
479 1767 512 1828 in
528 1766 726 1851 quadraturis
741 1779 846 1831 autem
861 1779 908 1831 est
921 1765 1040 1851 pedum
1054 1779 1174 1837 tautum
1190 1775 1241 1837 25.
1287 1769 1367 1835 Alti-

60 1876 143 1943 tudo
162 1877 251 1962 prior
277 1899 318 1940 ex
340 1875 460 1939 summi
487 1875 610 1952 virium,
634 1875 789 1959 posterior
810 1897 850 1938 ex
874 1876 1046 1940 earundem
1068 1875 1241 1941 differentiis
1257 1876 1366 1941 oritur.

60 1986 148 2055 Solis
169 1986 267 2075 igitur
293 1998 325 2050 et
351 1985 454 2049 Lunae
478 1986 512 2047 in
538 1998 697 2070 oequatore
723 1985 913 2049 versantium
938 1998 970 2049 et
995 1985 1196 2049 mediocriter
1220 2010 1240 2051 a
1266 1984 1367 2050 Terrrl

58 2096 244 2165 distantium
256 2108 351 2160 sunto
366 2096 449 2159 vires
467 2096 490 2159 S
506 2106 538 2158 et
554 2094 593 2172 L,
617 2108 649 2159 et
664 2096 724 2159 erit
739 2095 769 2159 L
788 2105 820 2170 4-
844 2095 923 2160 Sad
939 2094 969 2158 L
984 2133 1027 2144 -
1044 2095 1067 2160 S
1082 2111 1118 2159 ut
1132 2104 1173 2161 45
1190 2095 1230 2160 ad
1246 2102 1298 2172 25,
1314 2117 1369 2158 seu

100 2202 143 2268 ad
180 2248 189 2267 .

60 2212 83 2271 ⁹
105 2313 145 2378 In
158 2212 258 2400 {ortu
275 2311 438 2399 Plymutlri
454 2323 548 2375 aestus
564 2312 658 2375 maris
673 2333 714 2374 ex
729 2311 946 2375 observatione
963 2310 1116 2374 Samuelis
1133 2311 1312 2396 Colepressi
1327 2311 1367 2375 ad

56 2422 159 2511 pedes
172 2423 246 2508 plus
261 2423 365 2487 minus
377 2423 536 2487 sexdecim
547 2420 711 2486 altitudine
720 2420 872 2484 mediocri
887 2419 1048 2496 attollitur,
1064 2442 1101 2483 ac
1115 2431 1256 2504 tempore
1271 2442 1368 2484 verno

56 2540 94 2597 et
106 2529 282 2613 antumnali
296 2529 430 2594 altitudo
445 2527 539 2593 oestbs
555 2529 589 2591 in
604 2527 737 2614 syzygiis
753 2548 902 2610 superare
915 2537 1020 2610 potest
1041 2524 1238 2590 altitudinem
1253 2528 1319 2612 ejus
1333 2529 1368 2593 in

43 2636 264 2727 *quadraturis
277 2636 412 2722 pedibus
427 2637 498 2722 plus
513 2647 633 2720 septem
648 2634 699 2698 vel
714 2647 795 2697 octo.
842 2634 876 2698 Si
891 2634 1028 2695 maxima
1038 2630 1151 2697 harum
1167 2631 1368 2700 altitudInum

56 2742 238 2811 differentia
252 2745 293 2808 sit
305 2743 423 2829 pedum
438 2747 562 2821 novem,
580 2743 639 2807 erit
655 2741 684 2805 L
701 2751 734 2818 ψ
752 2742 775 2806 S
790 2740 831 2804 ad
847 2741 881 2805 L<
891 2777 936 2791 -
952 2740 975 2805 S
990 2752 1026 2804 ut
1040 2743 1101 2820 20}
1119 2739 1160 2804 ad
1177 2747 1237 2826 Ill
1253 2765 1307 2807 seu
1323 2753 1362 2808 41

55 2854 101 2921 ad
115 2862 170 2920 28.
215 2854 300 2931 Qua
320 2855 485 2940 proportio
512 2854 585 2918 satis
610 2852 756 2941 congruit
782 2873 855 2915 cum
878 2852 993 2937 priore.
1040 2849 1093 2915 Ob
1117 2852 1367 2939 magnitudinem

55 2962 155 3031 utils
175 2965 208 3027 ln
232 2976 327 3048 portu
351 2964 518 3041 Bristoliae,
543 2962 811 3047 observationibus
836 2961 966 3027 Sturmii
991 2960 1090 3047 magis
1103 2959 1275 3025 ¹fidendum
1298 2985 1365 3028 esse

54 3072 195 3152 videtur,
219 3073 355 3162 ideoque
370 3074 471 3139 donec
493 3075 612 3161 aliquid
627 3075 741 3138 certius
763 3072 945 3150 constiterit,
971 3071 1208 3156 proportionem
1234 3082 1254 3138 9
1280 3073 1322 3138 ad
1343 3083 1363 3139 5

53 3181 288 3268 usurpabimus.

103 3290 266 3357 Caeterum
281 3293 322 3357 ob
337 3316 490 3379 aquarum
506 3294 685 3377 reciprocos
700 3305 814 3368 motus,
841 3304 936 3354 aestus
951 3289 1081 3353 maximi
1095 3312 1160 3353 non
1175 3291 1317 3355 incidunt
1331 3291 1364 3355 in

53 3396 359 3487 ipsuluminarium
376 3401 526 3488 syzygias,
550 3399 607 3463 sed
629 3409 703 3462 sunt
725 3397 808 3462 tertii
829 3420 848 3459 a
870 3397 1003 3483 syzygiis
1026 3407 1061 3459 ut
1082 3395 1201 3459 dictum
1216 3394 1283 3474 tuit,
1308 3419 1364 3462 seu

52 3508 204 3599 proxime
218 3524 393 3597 sequuntur
407 3511 535 3574 tertium
551 3510 653 3574 Lunae
668 3522 740 3593 post
754 3509 895 3595 syzygias
918 3508 1085 3593 appulsum
1100 3507 1140 3570 nd
1155 3507 1362 3572 meridianum

53 3614 130 3697 loci,
153 3617 205 3681 vel
219 3618 324 3703 potius
352 3624 434 3702 (uta
451 3618 590 3682 Sturmio
604 3616 744 3698 notatur)
768 3629 843 3680 sunt
857 3614 941 3678 tertii
955 3626 1028 3699 post
1042 3613 1125 3677 diem
1147 3613 1297 3677 novilrmii
1312 3615 1362 3678 vel

51 3725 234 3819 plmilunii,
251 3728 307 3792 sed
321 3742 394 3814 post
406 3728 520 3792 horam
540 3751 560 3791 a
581 3729 742 3792 novilunio
757 3728 806 3791 vel
822 3725 994 3812 plenilunio
1009 3724 1080 3810 plus
1094 3724 1197 3788 minus
1212 3725 1361 3789 duodeci-

50 3858 152 3916 mm,
175 3836 311 3925 ideoque
326 3838 469 3903 incidunt
492 3838 525 3901 in
550 3837 661 3902 horam
686 3862 705 3902 a
728 3838 890 3902 novilunio
906 3837 955 3901 vel
968 3837 1142 3921 plenilunio
1164 3835 1235 3921 plus
1258 3837 1360 3899 minus

50 3947 328 4038 quadragesImam
350 3949 483 4013 tertiam.
530 3947 679 4014 Incidunt
693 3948 769 4014 verb
784 3951 815 4013 in
832 3949 894 4014 hoc
907 3962 1002 4033 portu
1016 3950 1049 4012 in
1064 3948 1174 4012 horam
1196 3947 1361 4031 septimam

49 4056 181 4127 circite
193 4058 234 4123 ab
250 4059 385 4144 appulsu
397 4059 500 4124 Lunae
515 4060 556 4125 ad
571 4061 779 4125 meridianum
788 4061 868 4137 loci3
884 4061 1018 4147 ideoque
1029 4058 1172 4144 proxime
1187 4071 1360 4144 sequuntur

47 4166 221 4255 appulsum
237 4165 340 4231 Lunae
362 4168 403 4232 ad
424 4168 642 4247 meridianum,
666 4169 721 4233 ubi
745 4168 838 4233 Luna
853 4168 948 4233 distat
969 4191 989 4231 a
1012 4167 1086 4232 Sole
1110 4166 1158 4231 vel
1173 4165 1214 4230 ab
1229 4166 1360 4250 opposi-

48 4276 140 4345 tione
149 4278 233 4344 Solis
241 4278 392 4368 gradibus
404 4278 475 4364 plus
487 4281 591 4343 minus
600 4281 776 4345 octodecim
787 4280 837 4344 vel
846 4279 1061 4345 novemdecim
1077 4279 1109 4342 in
1126 4276 1358 4363 consequentia.

49 4384 163 4453 ΕΜ
177 4399 211 4451 et
223 4386 333 4473 hyems
347 4386 484 4452 maximi
502 4388 617 4475 vigent,
641 4410 705 4452 non
721 4388 753 4450 in
769 4390 844 4472 ipsis
860 4388 1007 4464 solstitiis,
1031 4387 1086 4451 sed
1108 4387 1163 4451 ubi
1187 4385 1242 4451 Sol
1265 4384 1359 4448 distat

48 4516 72 4561 a
83 4493 226 4559 solstitiis
243 4491 364 4558 dchmri
388 4495 510 4558 circiter
524 4508 614 4578 parte
636 4497 730 4559 totius
746 4494 902 4572 circuitis,
926 4517 980 4558 seu
995 4494 1145 4581 gradibus
1160 4493 1231 4579 plus
1253 4492 1357 4555 minus

50 4610 94 4670 86
109 4601 161 4667 vel
176 4608 230 4671 37.
276 4601 319 4665 Et
334 4601 476 4666 similiter
490 4604 646 4666 maximus
661 4614 756 4667 aestus
771 4603 865 4665 maris
880 4602 980 4665 oritur
994 4601 1035 4665 ab
1049 4599 1184 4686 appulsu
1199 4599 1302 4664 Lunoe
1316 4598 1355 4663 ad

80 4795 116 4861 (‘)
138 4800 152 4828 ⁰
171 4799 303 4846 WtLvnae
318 4801 349 4845 ad
364 4815 429 4846 more
445 4801 594 4847 mortridum.
632 4797 686 4844 Vid.
723 4796 806 4845 noullii
824 4806 847 4844 et
868 4797 939 4858 Prop.
963 4797 1013 4846 1x.
1033 4798 1058 4845 in
1080 4797 1251 4846 Disscnatione
1268 4796 1352 4844 clariss.

53 4860 111 4923 cap.
123 4862 170 4910 vt·
180 4877 248 4908 uum.
263 4866 299 4910 10.
314 4861 339 4908 in
353 4862 522 4911 DissertstIone
533 4863 620 4910 clariss·
632 4864 688 4910 Ber·
725 4861 875 4911 llleclnurinI.

680 4949 733 4996 tta
