3330 5692
349 524 437 580 880.
600 511 865 590 lNQUISlTIO
891 509 1094 578 PHYSICA
1118 511 1167 575 IN
1191 510 1385 576 CAUSAM

347 687 563 773 depressiones
578 710 670 773 aquae
689 709 747 772 per
764 701 864 750 totum
879 709 964 751 mare
980 685 1095 751 attente
1110 684 1363 751 considerentur:
1388 699 1455 750 tota
1469 688 1555 751 enim
1569 686 1633 751 ber

347 800 478 883 quaestio
492 797 659 882 pertinebit
674 798 714 860 ad
734 797 987 883 hydrostaticam.

390 914 414 990 §.
444 917 514 971 111.
554 907 636 971 Crim
669 908 762 994 igitur
787 907 829 971 ad
853 907 957 971 littora
991 907 1128 990 Europes
1153 929 1234 991 aqua
1260 905 1372 968 elevari
1400 917 1548 990 nequeat,
1574 905 1630 969 11111

346 1018 478 1082 affluxus
493 1018 533 1082 ab
548 1018 709 1082 occidente
725 1019 779 1082 fiat
794 1018 948 1101 copiosus,
972 1017 1013 1080 ad
1033 1016 1137 1080 littora
1151 1038 1222 1101 quae
1236 1013 1343 1079 versds
1359 1014 1556 1079 occidentem
1571 1037 1631 1079 res·

346 1128 465 1212 piciuut
486 1152 567 1214 aqua
588 1127 704 1192 directe
726 1128 766 1191 ab
787 1129 948 1192 occidente
970 1127 1122 1202 adveniet,
1145 1149 1216 1212 quae
1237 1138 1341 1190 autern
1364 1126 1470 1190 littora
1482 1124 1524 1191 ad
1537 1126 1631 1191 aliam

345 1236 472 1323 plagam
493 1250 566 1303 sunt
586 1238 745 1321 disposita,
767 1259 857 1323 aquoe
879 1259 988 1300 cursus
1010 1232 1117 1299 versus
1140 1236 1291 1299 orientem
1305 1236 1445 1300 directus
1459 1235 1631 1300 indaotetru

341 1347 433 1430 juxta
453 1348 567 1424 littora,
591 1348 770 1433 priusquam
792 1345 831 1410 eb
852 1347 1018 1432 pertingat,
1045 1346 1173 1408 omnino
1198 1345 1243 1408 uti
1268 1345 1422 1428 inspectio
1447 1366 1629 1430 mapparum

346 1453 480 1518 docebit.
519 1455 678 1531 Quoniam
693 1456 767 1520 verb
782 1458 842 1520 iste
856 1478 946 1542 aquae
957 1457 1048 1541 juxta
1061 1455 1166 1518 littora
1179 1455 1283 1518 fluxus
1297 1468 1418 1519 tantam
1433 1455 1628 1529 celeritatem,

346 1576 494 1646 quantam
515 1562 610 1626 habet
632 1563 734 1640 Luna,
758 1565 895 1647 recipere
917 1563 1034 1649 nequit,
1059 1584 1186 1625 necesse
1207 1575 1263 1638 est,
1287 1575 1323 1625 ut
1341 1562 1449 1625 fluxus
1468 1560 1513 1625 ad
1530 1561 1629 1625 littora

346 1672 444 1757 magis
468 1671 509 1734 ad
534 1671 684 1735 orientem
710 1673 768 1734 sita
792 1669 911 1735 tardiris
936 1668 1117 1734 advehatur.
1164 1669 1248 1733 Haec
1273 1682 1378 1733 autem
1396 1667 1509 1734 vereris
1530 1669 1627 1734 lium

344 1779 544 1842 orientaliora
565 1779 733 1842 retardatio
754 1778 888 1842 maxime
909 1780 1076 1864 perspicua
1089 1790 1136 1842 est
1150 1779 1182 1841 in
1196 1779 1349 1863 portubus
1365 1779 1495 1858 Galliae,
1519 1778 1625 1868 belgii,

347 1885 482 1972 anglie,
499 1899 531 1949 et
546 1886 730 1962 Hiberuiae3
746 1885 817 1950 edm
833 1888 915 1950 enim
931 1888 970 1950 ad
985 1888 1064 1951 ostia
1078 1888 1242 1951 fluviorum
1260 1887 1436 1951 Garumnae
1450 1900 1483 1952 et
1499 1886 1623 1975 Ligeris,

344 2015 417 2079 quoe
442 1993 549 2058 versds
575 2017 725 2059 oceanum
755 1996 976 2080 amplissimum
1002 2009 1119 2079 patent,
1150 2009 1291 2080 tempore
1318 1993 1568 2080 pleniluniomm
1593 2017 1625 2059 ac

345 2099 577 2164 noviluniorum
597 2103 700 2165 fluxus
722 2102 891 2167 adveniunt
912 2102 989 2166 boni
1012 2101 1100 2166 tertii
1123 2103 1346 2188 pomeridianis,
1369 2126 1444 2189 quae
1465 2103 1623 2169 retardatio

346 2205 493 2268 naturalis
516 2208 634 2271 censeri
655 2219 766 2292 potest,
789 2229 890 2293 neque
911 2207 1066 2271 littoribus
1088 2191 1190 2272 adbuc
1212 2209 1354 2283 turbata3
1376 2207 1453 2272 binc
1474 2231 1559 2295 aqua
1575 2208 1623 2273 dc·

345 2333 432 2374 mum
445 2310 487 2375 ad
512 2312 616 2377 littora
641 2313 813 2377 Britanniae
835 2312 970 2377 Minoris
993 2336 1029 2377 ac
1054 2315 1256 2378 Normanniae
1279 2315 1505 2402 progreditur3
1541 2331 1620 2404 atque

345 2423 462 2487 idcirco
489 2422 537 2486 his
564 2424 596 2487 in
621 2423 800 2511 regionibus
825 2425 928 2487 fluxus
954 2423 1073 2488 tardids
1099 2426 1222 2488 evenire
1247 2425 1465 2490 observantur.
1513 2427 1565 2492 Sic
1585 2424 1619 2489 ad

348 2533 480 2597 Portum
496 2535 529 2598 S.
547 2533 637 2598 Malo
653 2548 793 2619 tempore
808 2535 1004 2622 syzygiarum
1017 2535 1120 2598 fluxus
1135 2534 1261 2598 demum
1282 2534 1360 2599 bord
1375 2534 1466 2598 sexta
1482 2535 1617 2622 sequitur,

346 2641 386 2706 ad
414 2643 492 2707 ostia
519 2641 593 2707 verb
610 2645 764 2729 Sequanae
786 2643 946 2728 usquead
968 2643 1078 2707 boram
1100 2665 1216 2707 nonam
1237 2643 1434 2708 retardatur:
1472 2659 1568 2732 atque
1582 2644 1618 2707 io

345 2769 441 2832 porro
463 2749 631 2812 retardatio
652 2763 793 2836 augetur,
817 2749 917 2812 donec
939 2749 1063 2813 tandem
1079 2748 1111 2813 in
1128 2751 1222 2814 Freto
1238 2749 1362 2815 Gallico
1377 2750 1617 2838 Dunkerqutet

348 2859 498 2926 Ostendae
513 2860 613 2924 medici
630 2875 720 2925 nocte
742 2860 866 2925 incidat.
913 2860 964 2925 Ex
978 2859 1038 2924 hac
1052 2859 1126 2925 verb
1142 2860 1348 2925 retardatione
1369 2861 1541 2927 innotescit
1550 2860 1614 2927 sele

346 2970 422 3033 ritas
436 2994 536 3057 aquoe,
553 2973 613 3057 qud
624 2973 716 3056 juxta
737 2971 841 3034 littora
861 2969 1069 3058 progreditur,
1092 2992 1189 3057 eaque
1208 2982 1294 3034 tanta
1308 2966 1612 3055 deprehendimpt

346 3078 407 3141 11811
430 3078 506 3142 bord
523 3080 655 3163 spatium
672 3080 793 3143 circiter
809 3080 852 3163 (†)
869 3089 898 3142 8.
915 3079 1092 3142 milliarium
1108 3078 1260 3143 conficiat.
1305 3079 1454 3165 Denique
1470 3103 1548 3166 aqua
1559 3093 1610 3141 tan-

346 3198 410 3247 tam
431 3185 495 3249 fere
510 3188 591 3250 viam
606 3187 765 3250 absolvere
778 3187 871 3250 debet
894 3187 1044 3272 usquead
1064 3186 1251 3262 Dublinum,
1275 3198 1426 3271 quautam
1441 3186 1483 3249 ad
1503 3187 1607 3250 Fretum

345 3293 513 3371 Gallicum,
537 3318 576 3358 ex
592 3319 654 3380 quo
668 3296 770 3358 fluxus
785 3297 876 3359 etiam
898 3296 1030 3360 Dublini
1046 3296 1122 3359 horti
1139 3298 1260 3360 circiter
1274 3295 1394 3360 decimis
1417 3292 1606 3380 pomeridiaoi

345 3401 503 3465 observari
518 3402 605 3465 solet.
651 3403 755 3489 Atque
770 3404 862 3466 simili
877 3404 971 3466 modo
987 3404 1154 3467 retardatio
1168 3403 1309 3466 fluxuum
1325 3402 1365 3466 ad
1380 3403 1485 3466 littora
1497 3402 1605 3467 aliarum

345 3511 508 3597 regionum
523 3511 588 3573 sine
604 3510 666 3574 ullri
682 3511 862 3574 difficultate
878 3511 1026 3596 explicari
1040 3511 1162 3595 poterit.

387 3623 410 3698 t.
430 3626 499 3680 115.
534 3616 629 3692 Quod
655 3630 758 3681 autem
782 3617 821 3680 ad
848 3618 1050 3703 quantitatem
1075 3616 1169 3680 aestlrs
1194 3616 1287 3679 maris
1312 3615 1353 3678 ad
1379 3616 1479 3680 littora
1499 3611 1602 3680 attinet,

344 3722 432 3786 facile
455 3713 637 3810 intelligitur
658 3739 769 3787 testum
791 3726 885 3787 maris
907 3724 948 3788 ad
969 3725 1074 3788 littora
1093 3726 1240 3809 majorem
1255 3747 1322 3788 esse
1338 3724 1463 3802 debere,
1477 3719 1559 3808 quim
1576 3717 1603 3778 111

343 3832 447 3895 medio
473 3834 560 3895 mari.
607 3832 713 3897 Primo
735 3835 817 3897 enim
843 3857 924 3919 aqua
946 3857 1017 3897 curn
1040 3834 1157 3918 impetu
1181 3834 1220 3897 ad
1243 3834 1348 3897 littora
1369 3835 1478 3911 allidit,
1499 3853 1535 3896 ex
1552 3845 1601 3913 qss⁰

343 3941 461 4026 allapsu
477 3942 544 4006 solo
553 3944 619 4028 jam
635 3944 871 4006 intumescentia
885 3944 959 4006 oriri
974 3944 1075 4007 debet.
1121 3943 1246 4006 Deinde
1260 3944 1409 4028 quoniam
1424 3936 1599 4028 aquaeridw
1657 3950 1659 3956 '

344 4050 510 4129 celeritate,
537 4075 629 4138 quam
651 4052 786 4116 habebat
807 4075 935 4128 oceano,
959 4055 1013 4116 ubi
1037 4053 1172 4115 maxima
1186 4065 1233 4115 est
1250 4051 1457 4136 profunditas,
1479 4039 1599 4135 progwffi

344 4171 483 4234 conatur,
507 4159 547 4221 ad
570 4160 674 4223 littora
695 4159 823 4244 locaque
845 4159 960 4223 vadosa
975 4159 1172 4222 vehementer
1186 4159 1384 4244 inturgesoet,
1409 4151 1598 4221 autumatio

343 4261 407 4324 sere
422 4286 511 4348 aquae
526 4265 566 4328 ad
588 4266 693 4329 littora
707 4266 843 4342 affertur,
868 4279 1016 4351 quantum
1034 4265 1187 4328 sufficeret
1201 4263 1241 4327 ad
1257 4264 1401 4347 spatium,
1426 4262 1509 4349 quod
1522 4258 1599 4323 'lam

344 4384 485 4454 occupat,
502 4373 726 4437 inundandum.
758 4374 868 4437 'l'ertid
884 4377 941 4438 iste
956 4397 1045 4460 aquae
1059 4373 1191 4437 affluxus
1207 4375 1239 4435 in
1255 4375 1373 4436 sinibus
1389 4374 1510 4436 vadosis
1523 4361 1600 4433 mulli>

343 4478 446 4542 adhuc
469 4483 568 4567 magis
590 4483 760 4546 increscere
775 4483 877 4561 debet,
894 4485 933 4547 ed
948 4485 1033 4570 quiid
1048 4507 1128 4569 aqua
1142 4484 1190 4546 his
1206 4484 1238 4546 in
1253 4483 1329 4546 locis
1340 4485 1407 4567 jam
1422 4482 1548 4546 multum
1559 4496 1601 4558 ap·

340 4643 968 4762 81111111118138111111111
999 4648 1608 4776 atiatlrsitlstttaffi

340 4771 406 4826 ⁸⁰⁵lt
424 4774 454 4818 ab
469 4772 528 4844 ostio
549 4774 677 4820 Garumnae
696 4778 725 4822 ad
748 4779 880 4824 Dublinum
899 4782 968 4838 quin.
1000 4780 1146 4836 emetiretur;
1170 4778 1232 4824 unde
1245 4779 1396 4825 eomtttiuia
1411 4773 1609 4840 proauum

339 4847 411 4897 genta
429 4837 521 4883 circiter
542 4837 623 4885 ltalica
640 4839 747 4886 milliaris
764 4853 916 4889 numerantur
932 4842 969 4888 vit
1000 4844 1119 4892 scribenda
1131 4844 1293 4905 conjectantur.
