3330 5692
184 564 207 603 x
661 534 996 600 INTRODUCTIO
1324 533 1424 614 [Car.
1443 536 1471 602 ῐ.

179 716 212 778 in
223 714 287 778 duo
300 711 527 796 hemisphaeria,
543 709 669 774 boreale
680 708 724 772 AE
739 708 820 785 PQ,
833 709 867 770 in
882 730 946 794 quo
961 719 1009 770 est
1022 706 1113 791 polus
1129 706 1263 770 borealis
1280 708 1327 787 P;
1351 726 1383 774 et
1398 735 1473 778 aaa

180 821 257 886 trale
272 819 317 883 AE
330 842 353 903 p
369 818 411 895 Q,
428 819 461 880 in
475 838 538 903 quo
554 828 601 880 est
615 815 708 900 polus
722 814 865 878 australis
879 837 912 899 p.

223 937 258 1018 8.¹
278 925 382 990 Stellae
396 923 536 1009 singulae,
553 935 587 985 ut
603 922 637 998 S,
654 922 688 984 in
703 921 826 984 circidis
843 922 866 986 S
883 923 906 986 S
921 923 1074 1008 aequatori
1086 922 1131 986 AE
1148 923 1181 998 Q
1195 923 1366 1007 parallelis,
1383 948 1473 990 com.

179 1037 267 1099 muni
280 1034 412 1119 sphaerae
427 1033 560 1096 coelestis
575 1044 663 1095 motu
678 1030 794 1094 revolvi
808 1031 947 1117 quotidie
962 1031 1117 1096 videntur.
1162 1035 1252 1096 Fiaae
1264 1036 1473 1102 nominantur

180 1168 251 1230 quae
273 1144 403 1207 eandem
425 1144 507 1206 inter
529 1163 595 1204 sese
617 1140 796 1203 distantiam
816 1139 970 1224 perpetui)
985 1152 1129 1215 servant3
1152 1144 1294 1203 erratica
1314 1143 1391 1206 verb
1414 1167 1472 1210 eeu

175 1255 309 1334 planeta
325 1262 475 1314 vocantur
497 1271 568 1334 quae
586 1247 748 1311 distantias
763 1269 835 1310 suas
849 1269 869 1310 a
882 1246 955 1310 suuis
970 1247 1003 1309 in
1017 1246 1084 1310 dies
1099 1259 1222 1310 mutant
1240 1262 1272 1310 et
1285 1262 1374 1312 motu
1394 1273 1472 1335 pro·

179 1361 249 1445 prio
278 1360 351 1424 serri
376 1358 618 1442 conspiciuntur.
694 1355 834 1419 Planetae
866 1366 939 1418 sunt
970 1367 1089 1438 septem
1118 1355 1182 1418 suis
1207 1356 1345 1439 propriis
1371 1358 1472 1446 signis

179 1467 286 1544 notati,
310 1465 452 1529 videlicet
475 1462 530 1528 Sol
553 1467 595 1541 Θ,
627 1463 720 1529 Luna
757 1466 792 1538 lt,
822 1460 1001 1525 Mercurius
1033 1464 1070 1538 i,
1102 1461 1212 1526 Venus
1240 1467 1276 1539 2,
1309 1463 1402 1529 Mars
1430 1469 1469 1544 ὃ,

178 1572 302 1654 Jupiter
317 1573 346 1634 ll
364 1583 395 1633 et
411 1570 564 1634 Saturnus
584 1572 606 1635 h
623 1592 632 1644 3
657 1568 767 1631 Terrae
782 1565 857 1630 verb
871 1567 996 1653 signum
1011 1580 1059 1630 est
1071 1566 1133 1631 hoc
1155 1565 1191 1632 δ.

222 1687 252 1741 4.
273 1678 429 1760 Ecliptica
450 1690 496 1740 est
518 1675 651 1739 circulus
674 1674 807 1761 sphaeroe
826 1673 981 1738 maximus
1002 1695 1096 1759 quem
1118 1687 1260 1738 centrum
1277 1676 1359 1741 Solis
1378 1695 1469 1748 motu

180 1787 308 1871 proprio
323 1787 363 1850 ab
378 1807 490 1849 occasu
505 1785 546 1848 ad
561 1797 666 1848 ortum
688 1783 818 1872 singulis
840 1782 930 1845 annis
952 1779 1127 1844 describere
1142 1781 1274 1846 videtur.
1321 1784 1389 1849 Hic
1408 1790 1471 1853 cir.

180 1893 268 1959 culus
296 1906 487 1980 aequatorem
509 1892 636 1979 oblique
657 1893 823 1956 intersecat
847 1891 905 1954 sub

180 2001 296 2090 angulo
320 2001 530 2066 inclinationis
556 1999 601 2064 AE
626 2001 657 2064 T
688 2000 726 2077 C,
750 1999 906 2086 graduum

181 2116 243 2193 285
279 2111 410 2174 circiter.
471 2109 593 2173 Puncta
619 2108 683 2172 duo
708 2109 852 2192 opposita
874 2108 906 2170 in

180 2221 294 2306 quibus
318 2229 460 2304 aquator
485 2231 517 2280 et
540 2216 683 2301 ecliptica
708 2238 774 2280 sese
798 2215 908 2280 mutuo

181 2341 295 2406 secant,
322 2327 547 2411 aequinoctialia
567 2325 715 2391 dicuntur
729 2324 816 2412 quod
836 2325 909 2390 Sole

181 2437 214 2498 in
234 2435 272 2498 iia
291 2434 394 2518 posito
415 2433 482 2497 dies
504 2434 619 2520 ubique
645 2447 800 2498 terrarum
824 2434 909 2497 nocti

180 2542 309 2630 nequalia
324 2543 373 2621 sit,
390 2554 422 2607 et
435 2540 510 2606 inde
525 2555 648 2627 tempus
663 2564 726 2627 quo
740 2542 795 2607 Sol
809 2564 909 2625 punc-

181 2667 248 2717 tum
267 2650 451 2716 alterutrum
464 2650 681 2737 aequinoctiale
696 2651 830 2738 attingit,
855 2674 910 2714 vo·
973 2665 993 2723 1²

182 2775 270 2827 catur
296 2757 529 2845 aqumoctium.
574 2758 731 2823 Punctum
752 2759 910 2845 aequinoc·

180 2868 252 2933 tiale
272 2865 398 2931 vernale
417 2878 465 2930 est
486 2865 571 2931 unda
596 2866 651 2932 Sol
672 2880 760 2931 motu
779 2869 910 2953 proprio

179 2974 284 3040 rersds
302 2974 411 3060 polum
430 2973 588 3038 borealem
602 2975 742 3040 ascendit
758 2976 792 3040 in
814 2978 910 3064 eclip-

179 3086 250 3162 tica,
266 3084 445 3149 autumnale
459 3083 534 3147 verb
549 3085 633 3148 undi
647 3084 702 3149 sol
717 3084 824 3149 versris
839 3086 950 3170 polum
968 3088 1137 3153 australem
1147 3089 1319 3172 descendit,
1334 3096 1471 3185 idebqre

179 3191 402 3279 aequinoctium
421 3202 468 3254 est
488 3190 613 3254 vernale
635 3190 684 3253 vel
699 3192 890 3256 autumnale.
939 3192 1062 3258 Puncta
1081 3198 1256 3262 solstitialia
1278 3213 1353 3266 sunt
1373 3205 1471 3292 eclip-

179 3304 249 3368 ticoe
262 3315 381 3388 puncta
395 3300 459 3364 duo
474 3298 619 3387 opposita
630 3320 701 3384 quae
716 3300 870 3382 apunctis
884 3301 1152 3387 aequinoctialibus
1166 3317 1233 3370 toto
1248 3307 1356 3374 circuli
1371 3316 1471 3398 quad.

179 3424 267 3476 rante
297 3411 422 3484 distant,
446 3430 578 3494 quaeque
599 3406 735 3493 proinde
757 3406 894 3474 maxime
909 3408 1062 3475 recedunt
1077 3410 1118 3475 ab
1133 3426 1292 3499 aquatore
1307 3430 1339 3481 et
1353 3419 1387 3483 in
1401 3427 1471 3510 qui.

178 3522 237 3585 hus
252 3541 398 3585 ascensus
415 3517 497 3583 Solis
508 3515 604 3602 supri
614 3530 805 3604 requatorem
817 3533 847 3584 et
858 3519 1026 3585 descensus
1037 3519 1117 3585 iniri
1130 3523 1265 3588 eundem
1276 3531 1471 3601 terminatur,

181 3629 309 3692 Homm
329 3637 519 3712 punctorum
540 3623 627 3711 prius
649 3627 793 3690 aestivum
821 3626 999 3713 appellatur
1023 3652 1087 3717 quo
1112 3630 1261 3695 nimirum
1287 3639 1473 3708 terminatur

181 3735 262 3800 Solis
276 3756 421 3798 ascensus
437 3731 532 3816 supri
547 3746 757 3817 arquatorem3
780 3735 934 3819 posterius
956 3735 1098 3802 brumale
1113 3736 1162 3800 vel
1177 3736 1364 3823 hybernum.
1410 3748 1472 3814 Di.

179 3856 293 3906 cuntur
315 3840 486 3905 solstitialia
500 3838 586 3926 quod
602 3840 675 3906 Sole
697 3842 729 3904 in
752 3843 789 3906 iis
810 3856 964 3924 versante,
985 3867 1044 3929 per
1068 3844 1188 3931 aliquot
1207 3846 1274 3910 dies
1296 3871 1337 3913 ex
1357 3855 1472 3924 eodan

179 3949 347 4012 horizontis
374 3961 492 4033 puncto
516 3946 601 4024 oriri,
618 3963 649 4010 et
664 3970 682 4012 e
700 3949 838 4037 regione,
855 3950 887 4014 in
902 3950 1013 4015 eodem
1027 3965 1147 4035 puncto
1161 3951 1304 4016 occidere
1319 3955 1471 4030 videatur.

180 4058 322 4142 Tempus
345 4078 408 4141 quo
433 4055 488 4122 Sol
506 4067 623 4140 puncta
640 4055 812 4123 solstitialia
828 4060 1012 4149 ingreditur,
1035 4074 1165 4127 vocatur
1187 4060 1362 4146 solstitium,
1386 4076 1472 4158 quod

138 4178 144 4185 '
180 4165 252 4230 ideb
267 4163 315 4228 vel
331 4163 473 4227 aestivum
487 4163 538 4228 vel
551 4165 693 4228 brumale
708 4179 765 4232 est.

222 4277 345 4360 Signum
371 4276 485 4337 caleste
510 4288 557 4338 est
581 4273 767 4340 duodeima
791 4299 864 4363 pars
890 4277 1044 4364 eclipticae
1066 4290 1099 4342 et
1121 4279 1154 4342 in
1171 4290 1212 4345 30
1226 4283 1344 4370 gradus
1363 4307 1471 4356 rursus

179 4382 337 4447 dividitur.
395 4380 494 4446 Primi
516 4384 597 4471 signi
617 4385 808 4471 principium
830 4388 932 4451 estin
954 4399 1073 4473 puncto
1088 4390 1298 4478 aequinoctiali
1312 4397 1430 4459 vernuli
1452 4427 1471 4465 a

181 4512 244 4577 quo
265 4490 354 4576 sigua
370 4489 410 4552 ab
426 4511 538 4555 occasu
554 4492 587 4554 in
601 4503 705 4555 ortum
723 4493 813 4578 juxti
838 4507 959 4557 motum
978 4495 1142 4579 proprium
1159 4497 1241 4564 Solis
1256 4518 1470 4572 numerantur.

182 4602 244 4662 Sex
261 4609 333 4658 sunt
349 4593 484 4657 borealia
498 4618 555 4680 per
570 4597 726 4661 borealem
743 4601 895 4685 eclipticae
916 4615 1038 4685 partem
1052 4600 1227 4681 distributa,
1244 4603 1354 4691 hisque
1370 4616 1470 4675 nonii-

181 4705 270 4769 nibus
299 4725 334 4766 ac
361 4701 588 4767 characteribus
614 4704 794 4795 designata:
844 4709 936 4773 Aries
962 4719 1005 4785 tr,
1037 4707 1163 4776 'l'a‘urus
1199 4720 1234 4790 a,
1267 4712 1394 4782 Gemini
1430 4733 1467 4799 n,
