3330 5692
66 571 374 654 errassemus]
410 540 655 638 rnrnorrra
680 571 1053 640 narnensrrca.
1314 587 1355 644 ss

256 839 544 907 PROPOSITIO
568 843 686 908 XXII.
734 840 1009 907 THEOREMA
1032 841 1164 908 XVIII.

61 1023 168 1091 Motrss
188 1049 289 1092 omnes
309 1030 442 1107 lunares,
465 1051 620 1114 omnesque
640 1043 768 1096 motuum
791 1031 995 1115 inaeqnlitates
1017 1051 1054 1091 ea
1068 1030 1175 1092 allatis
1190 1032 1357 1113 principiis

598 1168 599 1171 ¹
635 1165 785 1229 conseque.

101 1356 252 1422 Planetas
265 1357 410 1442 majores,
426 1357 547 1421 interea
561 1356 639 1421 dum
664 1357 748 1421 circa
767 1356 873 1422 Solem
887 1356 1039 1434 seruntur,
1055 1378 1149 1441 posse
1164 1356 1242 1420 alios
1256 1356 1359 1421 mino-

56 1490 105 1533 res
127 1470 249 1533 circum
269 1491 304 1533 se
321 1469 515 1534 revolventes
533 1468 675 1554 planetas
695 1469 828 1549 deferre,
845 1482 877 1535 et
890 1470 1028 1534 minores
1042 1469 1112 1534 illos
1128 1469 1165 1533 in
1180 1469 1352 1555 ellipsibus,

56 1577 222 1644 umbilicos
239 1579 274 1642 in
296 1580 412 1645 centris
429 1581 584 1665 majorum
599 1581 798 1659 habentibus,
819 1581 938 1645 revolvi
953 1582 1070 1646 debere
1084 1591 1172 1665 patet
1186 1603 1244 1666 per
1260 1579 1356 1666 Prop.

57 1691 166 1758 LXV.
183 1690 257 1758 Lib.
274 1692 302 1757 I.
348 1693 483 1757 Actione
497 1705 603 1758 autem
619 1693 702 1759 Solis
716 1693 985 1779 perturbabuntur
1000 1714 1111 1756 eorum
1125 1705 1228 1756 motus
1248 1690 1355 1755 multi-

58 1801 165 1882 modi,
185 1802 289 1890 iisque
312 1801 500 1867 adlicientur
520 1802 784 1889 inaequalitatibus
806 1824 878 1888 quae
901 1801 935 1864 in
957 1799 1050 1866 Luni
1070 1799 1177 1865 nostri
1198 1813 1356 1864 notantur.

63 1908 153 1975 Hsec
173 1909 281 1997 utique
303 1915 373 1995 (per
389 1911 464 1975 Cor.
480 1919 512 1989 2,
529 1921 560 1990 3,
576 1920 608 1989 4,
623 1924 655 1976 et
671 1921 700 1977 5.
719 1911 815 1996 Prop.
831 1909 973 1991 LXVI.)
994 1909 1130 1974 velocius
1144 1921 1298 1988 movetur,
1320 1932 1359 1974 ac

63 2014 158 2080 radio
171 2015 212 2081 ad
226 2016 361 2098 Terram
375 2017 472 2083 ducto
485 2018 635 2083 describit
649 2042 754 2084 aream
773 2042 833 2105 pro
848 2032 988 2104 ternpore
1003 2021 1163 2105 majorem,
1187 2021 1358 2106 orbemque

59 2120 158 2188 habet
177 2123 282 2188 minus
303 2147 445 2205 curvum,
469 2137 562 2212 atque
584 2126 655 2191 ideo
675 2128 807 2213 propius
822 2128 943 2193 accedit
957 2127 998 2192 ad
1013 2128 1158 2206 Terram,
1175 2128 1208 2192 in
1224 2131 1358 2217 syzygiis

59 2228 159 2318 quim
173 2231 208 2296 in
222 2231 432 2320 quadraturis,
447 2233 508 2298 uisi
523 2233 678 2320 quitenus
691 2235 824 2320 impedit
836 2248 941 2299 motus
952 2235 1198 2299 eccentricitatis.
1236 2235 1358 2300 Facen-

56 2338 180 2404 tricitas
202 2339 290 2405 euim
310 2341 449 2404 maxima
470 2351 518 2404 est
548 2346 619 2426 (per
642 2341 749 2406 Corol.
767 2352 797 2407 9.
823 2342 919 2426 Prop.
935 2341 1077 2421 LXVI.)
1108 2341 1163 2405 ubi
1192 2364 1358 2429 apogaeum

57 2443 160 2511 Luna
182 2445 217 2509 in
240 2447 378 2535 syzygiis
393 2458 546 2525 versatur,
569 2460 601 2513 et
622 2449 752 2514 minima
765 2449 821 2512 ubi
842 2448 925 2514 idem
940 2449 972 2511 in
988 2448 1185 2535 quadraturis
1200 2450 1356 2525 consistit;

57 2567 87 2622 et
107 2556 187 2622 inde
210 2555 307 2622 Luna
327 2558 362 2621 iu
382 2559 524 2646 perigaeo
539 2559 677 2624 velocior
692 2573 739 2625 est
753 2573 786 2625 et
799 2561 889 2625 nobis
904 2561 1043 2646 propior,
1060 2561 1094 2624 iu
1108 2583 1240 2648 apogaeo
1254 2573 1357 2624 autem

56 2666 187 2744 tardior,
202 2679 236 2730 et
248 2668 399 2732 remotior
412 2669 446 2732 iu
461 2669 596 2758 syzygiis
611 2669 706 2758 quim
720 2672 754 2736 in
765 2672 970 2758 quadraturis.
1004 2672 1210 2760 Progreditur
1225 2673 1356 2756 insuper

58 2797 237 2865 spogaentn,
254 2787 286 2839 et
299 2776 522 2865 regrediuntur
536 2779 622 2858 nodi,
639 2778 694 2844 sed
708 2792 797 2844 motu
811 2779 1001 2866 inaequabili.
1045 2780 1089 2844 Et
1106 2801 1272 2867 apogaeum
1288 2778 1357 2864 qui-

58 2883 129 2950 dem
155 2891 228 2971 (per
245 2884 320 2950 Cor.
337 2892 367 2955 7.
390 2896 422 2951 et
444 2897 475 2952 8.
498 2888 594 2973 Prop.
611 2887 752 2970 LXVI.)
777 2886 913 2952 velocius
938 2886 1139 2973 progreditur
1163 2887 1196 2950 in
1222 2885 1357 2972 syzygiis

60 2993 132 3071 nris,
157 2990 280 3058 tardius
300 2993 478 3080 regreditur
498 2996 533 3060 in
554 2993 762 3082 quadraturis,
786 3006 819 3059 et
840 3015 970 3058 excessu
991 2992 1177 3081 progressis
1198 3015 1294 3079 supra
1308 3016 1358 3058 re·

61 3125 203 3189 gressum
226 3105 388 3170 mutuatim
412 3103 512 3171 fertur
535 3105 570 3170 in
592 3106 824 3192 consequentia.
870 3103 958 3169 Nodi
982 3114 1087 3169 autem
1111 3108 1181 3188 (per
1201 3103 1308 3169 Corol.
1324 3111 1356 3178 2.

65 3211 162 3300 Prop.
178 3214 321 3297 LXVI.)
344 3216 511 3302 quiescunt
530 3216 565 3280 in
587 3216 724 3304 syzygiis
745 3215 810 3280 suis
832 3226 863 3278 et
884 3210 1075 3278 velocissime
1090 3212 1311 3300 regrediuntur
1324 3213 1358 3277 in

64 3323 268 3410 quadraturis.
315 3324 379 3390 Sed
401 3338 433 3391 et
454 3326 555 3412 major
577 3339 625 3393 est
647 3327 751 3393 Lunae
764 3326 898 3392 latitudo
910 3327 1051 3391 maxima
1064 3326 1097 3389 in
1110 3326 1208 3411 ipsius
1223 3324 1358 3410 quadra·

68 3496 209 3610 w
216 3497 296 3575 Τξπξ
306 3498 407 3563 singulis
417 3499 601 3577 regolptionibus
607 3501 696 3577 enutris
726 3500 781 3549 lira
790 3514 872 3549 ornnes
883 3499 991 3576 ridentur
1000 3498 1088 3548 moseri
1099 3499 1124 3546 in
1135 3496 1300 3575 consequentia
1309 3496 1358 3562 sig.

185 3564 222 3610 bss
237 3562 365 3611 melinamr
374 3579 401 3612 ru
411 3563 542 3625 eclsptrcsm
553 3577 577 3614 et
591 3567 626 3612 bra
636 3565 697 3614 radit
727 3580 820 3613 norum.
866 3565 932 3613 Hinc
950 3565 978 3612 fit
995 3563 1059 3627 quod
1076 3563 1263 3612 constellationes
1276 3577 1359 3610 omnes

69 3624 250 3686 adpetitionem
266 3628 381 3689 priorem:
410 3630 462 3676 hec
478 3629 559 3677 omnia
575 3628 643 3677 tacut
659 3630 696 3676 in·
727 3631 849 3693 antiquam
870 3629 949 3677 aeds·
970 3629 1118 3676 mutaseriut.
1155 3628 1193 3675 Sic
1214 3625 1358 3675 constellatio

69 3688 153 3753 flligat
162 3690 241 3753 quiin
252 3701 358 3738 mentem
365 3693 506 3741 revocaverit
516 3692 587 3755 Prop.
600 3694 698 3743 LXVI.
731 3694 820 3741 Arietis
834 3710 888 3757 qun
903 3702 1007 3753 tempore
1019 3691 1152 3753 Hipparchi
1164 3690 1236 3752 propd
1248 3692 1358 3739 intersec-

71 3749 119 3802 ΠΙ).
134 3754 155 3802 l.
169 3753 301 3818 ultimaque
315 3755 421 3819 ejusdem
433 3757 568 3806 Corollaria
729 3758 818 3807 tionem
830 3757 947 3805 venalem
958 3755 1295 3819 eclipticaetaquatorisvisa
1305 3753 1357 3810 tirit,

99 3823 150 3865 tm.
166 3818 198 3866 lu
207 3819 308 3881 singulis
314 3821 447 3869 octantibus
458 3821 520 3869 inter
528 3822 666 3885 equinoctia
673 3833 698 3871 et
729 3838 794 3870 nuuc
804 3825 834 3871 ab
844 3822 925 3870 eidem
936 3821 1039 3884 digressa
1048 3821 1074 3868 in
1085 3821 1153 3883 signo
1163 3820 1235 3867 Tauri
1246 3828 1358 3877 moratur,

73 3880 161 3930 tristitia
171 3884 302 3946 sequentis,
314 3884 491 3933 inclinationis
500 3887 581 3934 Terre
589 3887 619 3934 ad
626 3888 698 3949 eclip-
728 3888 789 3936 sicut
799 3896 824 3935 et
835 3886 907 3934 Tauri
918 3886 1064 3934 constellatio
1073 3885 1099 3931 in
1113 3884 1269 3932 Geminormn
1279 3883 1358 3931 locum

74 3951 136 3994 tinans
146 3947 207 3995 redit
217 3948 248 3996 ad
259 3948 360 4009 priorem
370 3949 565 4013 magnitudinem,
582 3951 698 4012 plurium.
728 3951 841 4008 mositii,
855 3950 998 4014 Gensinlque
1013 3951 1038 3998 lu
1055 3950 1173 3999 Cancrum
1184 3947 1285 4009 prommi
1295 3957 1358 4005 sunt,

76 4022 115 4070 qne
128 4027 246 4060 annonam
262 4011 362 4060 decunu
376 4015 506 4062 sensibilior
516 4030 564 4062 uon
575 4014 658 4073 eradit,
675 4026 699 4064 at
730 4014 763 4064 iti
772 4026 799 4064 ut
809 4013 1126 4079 unaquiequeconsteltatioe
1134 4027 1179 4061 suo
1188 4013 1213 4059 irs
1224 4013 1358 4074 proximum

77 4083 185 4137 'venas
204 4087 347 4137 puuctomm
366 4079 479 4139 ecliptica
495 4079 607 4127 continuo
625 4080 653 4127 lit
673 4081 699 4127 in
730 4081 808 4128 loctnn
823 4079 964 4129 mcceswit·
996 4083 1010 4111 ⁰
1024 4078 1087 4128 cum
1100 4087 1179 4125 autem
1194 4075 1239 4130 hle,
1256 4076 1314 4125 dum
1329 4076 1360 4125 de

78 4139 234 4217 madentia,
254 4156 299 4218 nec
316 4140 346 4190 ad
363 4143 583 4220 pristinumtlocum
600 4144 700 4192 redeunt
730 4144 882 4192 inclinatione
896 4144 995 4207 mimus,
1012 4158 1056 4192 nec
1074 4140 1104 4190 ad
1120 4151 1211 4218 motum
1226 4141 1304 4202 ipsum
1315 4156 1360 4189 no-

79 4212 154 4314 i?
162 4206 348 4318 &⁰3:¹3⁵
358 4223 413 4334 ,¹2¹2
425 4218 699 4333 nstituit:
731 4208 1361 4332 ffatimttttttttmtbtmtntt

80 4332 183 4380 mauis
201 4345 244 4390 cst,
264 4345 318 4396 post
331 4335 435 4398 plurium
450 4351 566 4384 annorum
581 4337 701 4385 intervalla
732 4349 818 4396 monas,
833 4352 877 4386 nec
889 4337 919 4385 ad
935 4337 1128 4402 irregularitatem
1143 4335 1213 4383 molb
1230 4334 1310 4382 Terre
1325 4345 1361 4383 st-

81 4397 176 4444 tttsisilis
187 4397 271 4446 uadit.
731 4402 882 4459 annuimus,
893 4415 937 4448 nec
946 4401 1049 4464 denique
1058 4400 1089 4450 ad
1099 4397 1199 4448 aliorum
1213 4399 1362 4462 planetarum

107 4464 156 4509 lot.
176 4461 242 4511 cum
258 4461 332 4511 atelle
343 4463 396 4514 tra
405 4464 560 4529 quiescantet
574 4466 701 4515 retrocedat
731 4467 842 4521 mones,
861 4465 969 4528 quaedam
990 4465 1061 4513 mam
1083 4464 1195 4526 ecliptica
1215 4464 1362 4512 inclinationi

83 4527 204 4574 mmunis
216 4527 287 4574 sectio
303 4531 590 4591 aquatorisctecliptica,
608 4547 701 4580 necem
732 4532 832 4579 mutatio
852 4531 928 4579 afferri
949 4541 1031 4591 potest,
1053 4546 1107 4594 qua
1127 4528 1187 4576 t'orte
1208 4528 1363 4591 perseverabit

84 4597 111 4660 ᾳ
123 4599 149 4638 ut
163 4591 285 4639 mantis
295 4593 326 4640 sit
336 4592 436 4642 flzamm
452 4611 467 4642 a
479 4596 573 4656 punctis
583 4598 701 4658 requiror.
733 4596 788 4644 satis
797 4605 825 4642 tst
835 4593 950 4642 sensibilis
964 4594 1061 4643 evadat:
1079 4593 1236 4643 inclinationis
1246 4591 1362 4670 angulum

85 4651 164 4703 Qus
173 4655 285 4705 dimam
294 4667 318 4705 et
328 4658 401 4706 stella
411 4661 441 4707 ab
454 4659 537 4707 iisdem
549 4662 642 4721 punctis
651 4676 701 4709 ver-
735 4660 763 4706 l'.
777 4669 872 4707 centum
887 4658 955 4707 annis
965 4659 1096 4708 decrescere
1106 4658 1197 4707 solebat
1210 4657 1360 4710 Lourtllem·

87 4724 118 4786 ,⁸⁸
128 4720 240 4768 mum
253 4720 359 4784 quotidii
372 4723 480 4786 progredi
492 4725 621 4782 videantur,
639 4723 703 4773 nudi
735 4723 773 4770 cui
784 4738 832 4771 nou
843 4734 974 4786 repugnant
984 4739 1038 4787 qun
1050 4723 1161 4773 &ainus
1172 4724 1195 4770 ln
1206 4720 1363 4770 astronomia

87 4787 176 4836 ΜΝ
252 4784 354 4834 'ordines
368 4802 422 4850 qua
438 4787 463 4834 in
478 4788 624 4850 eclipticinb
638 4789 705 4837 initio
738 4788 876 4845 Elerrsentls,
890 4803 920 4835 es
936 4788 1000 4836 varii
1014 4798 1201 4837 asuonomorum
1211 4786 1364 4834 estimatione

91 4841 164 4896 tana
176 4848 226 4897 aire
351 4851 357 4862 “
373 4866 404 4900 ne
418 4853 507 4900 venali
517 4853 630 4915 eclipticas
640 4863 664 4901 et
673 4871 705 4902 a·
737 4852 895 4900 inclinationis
906 4853 1019 4915 ecliptica
1034 4853 1122 4904 retulit.
1157 4851 1205 4902 sed
1215 4850 1246 4900 da
1257 4851 1287 4898 ils
1296 4848 1366 4911 plura

89 4911 320 4978 mmm
334 4915 666 4977 mandarimus,
681 4927 706 4966 st
736 4917 1085 4980 inpomunauutdicmda.
