3300 5678
181 537 243 593 252
431 526 698 604 INQUlSlTlO
722 525 927 591 PHl'SlCA
952 525 1001 589 lN
1027 523 1221 589 CAUSAM

177 699 379 788 mitigabitur.
426 697 620 786 Hujusmodi
641 713 746 764 autem
767 700 815 763 vis
837 698 1001 763 existentia
1023 697 1091 762 aliis
1113 697 1299 776 rationibus,
1324 697 1414 764 nullo
1427 698 1464 764 ad

177 822 289 873 aestum
303 809 396 871 maris
410 808 519 872 habito
534 822 686 894 respectu,
703 809 777 873 satis
793 806 876 872 clurd
892 809 993 872 evinci
1014 820 1137 892 potest;
1160 809 1235 894 quia
1248 809 1337 873 enim
1351 808 1464 875 nullum

177 929 224 978 est
244 916 385 993 dubium,
409 917 485 1001 quin
507 917 601 980 Luna
622 916 663 979 ad
687 917 821 981 Terram
843 930 1022 980 constanter
1043 917 1171 994 feratur,
1196 917 1238 981 ob
1260 918 1465 1004 aequalitatem

177 1028 308 1091 actionis
329 1040 361 1090 et
382 1027 547 1091 reactiouis
570 1027 704 1091 Terram
729 1049 855 1112 quoque
878 1025 987 1091 versds
1010 1028 1137 1092 Lunam
1162 1027 1238 1112 pelli
1261 1049 1392 1093 necesse
1415 1040 1464 1093 est.

178 1134 322 1220 Namque
338 1135 364 1197 si
378 1156 531 1218 ponamus
549 1134 622 1198 Sole
636 1134 760 1218 penitus
776 1133 909 1211 subluto,
923 1133 1035 1198 Terrae
1050 1157 1086 1198 ac
1098 1135 1203 1199 Lunae
1212 1157 1344 1199 omnem
1355 1149 1466 1201 motum

177 1241 292 1305 subiti).
303 1242 408 1318 adimi,
434 1241 528 1305 Luna
542 1241 650 1326 utique
665 1240 707 1304 ad
729 1240 864 1305 Terram
879 1241 1026 1317 accedet3
1049 1262 1144 1305 nemo
1159 1254 1267 1306 autem
1280 1264 1352 1307 non
1364 1264 1467 1309 conos-

177 1348 239 1425 det,
262 1348 362 1449 probe
383 1349 545 1432 perpensis
567 1349 728 1433 principiis
750 1347 949 1425 mechanicis,
973 1348 1108 1412 Terram
1128 1349 1251 1413 intereri
1263 1371 1332 1414 non
1346 1350 1466 1435 prorsuis

177 1485 246 1526 esse
268 1463 453 1548 quieturam,
477 1460 533 1525 sed
556 1461 658 1524 Lunae
679 1461 804 1524 obviarn
829 1461 953 1537 ituram,
979 1482 1229 1547 concursumque
1256 1463 1291 1525 in
1317 1464 1466 1528 communi

179 1569 340 1656 gravitatis
362 1581 471 1632 centro
493 1569 694 1655 contingere:
719 1568 780 1631 hoc
802 1581 907 1631 autem
922 1568 1048 1631 evenire
1062 1589 1127 1631 non
1148 1569 1276 1653 poterit,
1298 1570 1360 1633 nisi
1374 1568 1467 1634 Terra

176 1692 248 1742 actu
270 1677 310 1742 ad
334 1677 459 1741 Lunam
479 1676 672 1741 sollicitetur.
718 1676 846 1741 Deinde
865 1677 897 1738 in
915 1676 980 1760 ipsa
997 1675 1089 1741 Lunai
1103 1678 1292 1763 gravitatem
1309 1678 1379 1743 dari
1390 1677 1465 1742 rimi·

179 1787 241 1851 lem
256 1786 340 1863 huic,
356 1808 450 1872 quam
464 1787 498 1849 in
513 1785 615 1850 Terrai
631 1786 792 1862 sentimus,
816 1786 925 1873 negari
945 1808 1009 1849 non
1023 1798 1143 1870 potest;
1166 1788 1227 1851 nisi
1243 1788 1331 1853 enim
1346 1788 1414 1854 talis
1425 1788 1465 1851 vis

177 1895 211 1958 in
227 1893 319 1957 Lunai
335 1893 464 1980 vigeret,
479 1905 583 1978 partes
599 1893 703 1956 Lunae
717 1892 832 1969 fluidae,
850 1890 923 1956 crim
939 1893 980 1957 ob
996 1895 1180 1981 gravitatem
1195 1895 1230 1957 in
1246 1894 1395 1973 Terram,
1407 1894 1464 1961 triu

177 2002 219 2066 ob
233 2015 355 2064 motum
371 2000 474 2063 Lunae
496 2001 579 2064 circa
600 2000 764 2086 proprium
779 2022 882 2077 axem,
898 2001 955 2064 etsi
970 2000 1196 2066 sit-admodrim
1211 2002 1331 2082 lentus,
1353 2019 1386 2070 et
1397 2019 1465 2069 teu-

182 2112 252 2197 pori
273 2110 434 2195 periodico
456 2111 594 2197 aequalis,
613 2113 681 2196 jam
696 2110 817 2175 dudum
837 2111 1022 2190 avolasaent,
1045 2125 1216 2198 partesque
1231 2114 1347 2179 solidae
1360 2116 1464 2180 comit·

177 2220 306 2283 tentiam
331 2241 421 2282 suam
445 2220 631 2284 amisissent
676 2219 825 2283 Pluribus
849 2219 987 2305 denique
1012 2219 1080 2283 aliis
1104 2221 1282 2285 rationibus
1305 2244 1349 2286 ex
1367 2222 1463 2287 marri

177 2331 333 2395 vorticum
353 2329 469 2413 petitis,
492 2330 592 2417 magis
612 2329 792 2392 confirmari
810 2340 918 2412 posset
932 2328 994 2391 tale
1009 2350 1125 2412 corpus
1140 2330 1354 2410 mundanum,
1376 2333 1463 2417 cujat-

182 2441 269 2505 modi
283 2455 332 2506 est
347 2443 450 2521 Luna,
475 2443 645 2509 subsistere
660 2465 725 2505 non
738 2464 840 2527 posse,
857 2441 917 2504 nisi
932 2442 1049 2505 vortice
1065 2443 1105 2505 sit
1119 2441 1270 2520 cinctum,
1295 2466 1360 2530 quo
1374 2444 1464 2533 gravi·

185 2563 232 2614 tas
247 2551 280 2614 in
294 2551 328 2616 id
349 2566 526 2641 generetur.
572 2552 670 2629 Quod
684 2553 711 2615 si
725 2571 830 2616 autem
844 2552 1082 2639 gravitationem
1097 2550 1205 2615 versris
1222 2553 1354 2618 Lunam
1368 2575 1463 2619 conoe·

178 2657 301 2738 damus,
325 2684 381 2726 cur
403 2664 470 2748 ejus
491 2663 648 2726 actionem
668 2683 733 2724 non
756 2661 797 2723 ad
819 2681 876 2723 nos
896 2659 994 2746 usque
1009 2660 1222 2737 admittamus,
1245 2661 1337 2726 nulla
1350 2661 1462 2726 omnini

176 2770 257 2835 ratio
272 2773 398 2837 suadet:
423 2775 498 2859 quin
513 2771 618 2859 potiris
640 2771 792 2858 ejusmodi
808 2771 871 2833 vim
891 2771 1024 2834 similem
1038 2770 1132 2833 statui
1148 2771 1329 2849 conveniet,
1351 2771 1460 2858 reliqtrir

176 2879 210 2941 in
224 2881 344 2944 mundo
359 2881 573 2965 deprehensis,
599 2903 670 2967 quae
685 2881 773 2966 quasi
795 2881 827 2941 in
849 2877 1006 2942 infinitum
1021 2879 1240 2964 porriguntur,
1266 2893 1362 2965 atque
1375 2881 1458 2943 iuven

177 3009 244 3050 sam
260 2988 450 3071 duplicatam
467 3003 574 3053 tenent
589 2989 806 3052 distantiarum
821 2987 983 3049 rationem.

219 3099 242 3174 §.
261 3103 312 3159 10.
336 3097 401 3160 His
423 3098 575 3181 expositis
597 3095 795 3159 manifestum
817 3107 874 3170 est,
898 3108 929 3156 et
952 3092 1041 3177 quasi
1064 3093 1258 3176 experientia
1288 3095 1453 3165 convicwn,

178 3201 313 3266 Terram
334 3227 407 3268 cum
427 3204 556 3292 singulis
577 3204 640 3266 suis
659 3204 801 3287 partibus
823 3216 888 3265 tam
909 3199 1017 3263 versus
1034 3199 1159 3263 Lunam
1174 3199 1273 3286 quaim
1288 3199 1394 3266 verstis
1410 3200 1452 3264 So

176 3310 240 3374 lem
261 3312 416 3397 perpetui>
438 3313 607 3389 sollicitari,
630 3324 723 3398 atque
745 3324 909 3395 utramque
932 3310 995 3371 vim
1016 3309 1289 3392 proportionalem
1308 3332 1376 3374 esse
1393 3307 1450 3372 reti

178 3423 275 3506 proce
296 3423 455 3509 quadratis
478 3423 704 3486 distantiarum.
751 3421 817 3484 Hae
832 3421 927 3506 igitur
942 3419 1034 3495 vires,
1051 3416 1123 3480 crim
1139 3430 1212 3480 actu
1229 3420 1374 3496 existant,
1394 3436 1449 3479 cao·

176 3546 354 3620 stanterque
376 3534 521 3598 effectum
544 3556 635 3597 suum
657 3544 796 3606 exerant,
820 3530 853 3592 in
874 3528 1022 3615 praesenti
1043 3527 1179 3614 negotio,
1210 3549 1276 3612 quo
1295 3529 1329 3591 in
1348 3544 1447 3591 massa

176 3641 270 3705 restirs
292 3642 386 3706 maris
408 3642 604 3727 inquirimus,
627 3640 780 3725 praeteriri
803 3638 932 3701 omnino
953 3649 1133 3723 nequeunt3
1156 3637 1218 3698 nisi
1240 3636 1377 3700 dilucide
1393 3629 1445 3697 anti

176 3750 217 3812 sit
238 3751 417 3834 probatum,
442 3773 493 3814 eas
514 3772 579 3813 non
601 3748 703 3813 solrim
724 3750 846 3812 fluxum
862 3771 898 3811 ac
912 3748 1069 3810 refluxum
1089 3767 1154 3808 non
1173 3769 1338 3832 generare,
1359 3745 1443 3810 sedne

175 3856 303 3941 quidem
327 3859 494 3944 quicquam
515 3857 646 3921 efficere.
694 3857 725 3921 Si
747 3857 832 3919 enim
858 3856 926 3918 istoe
949 3855 1030 3917 vires
1051 3853 1150 3917 ullum
1173 3854 1331 3920 duntaxat
1349 3868 1442 3918 mona

174 3971 372 4056 reciprocum
394 3972 472 4033 mari
493 3970 642 4034 inducere
663 3969 796 4044 valeant,
818 3966 1019 4053 quantumvis
1038 3967 1064 4027 is
1086 3965 1179 4027 etiam
1202 3967 1244 4028 sit
1259 3967 1394 4053 exiguus,
1410 3976 1441 4024 rt·

175 4098 236 4162 que
258 4076 338 4140 adeb
358 4079 449 4141 aestui
471 4078 566 4139 maris
584 4074 713 4139 fortassd
736 4076 921 4150 contrarius,
944 4095 1053 4136 earum
1073 4085 1179 4135 tamen
1200 4074 1283 4138 ratio
1296 4069 1441 4138 necessarii

174 4184 233 4246 erit
253 4181 407 4261 habenda,
431 4181 502 4247 crim
525 4185 593 4245 sine
614 4183 674 4245 illis
692 4204 766 4245 vera
786 4203 890 4256 causa,
915 4201 1121 4264 quaecumque
1147 4180 1197 4254 sit,
1221 4202 1326 4266 neque
1343 4176 1441 4243 investi·

173 4292 243 4378 gari
257 4314 358 4377 neque
374 4293 520 4379 cognosci
535 4293 642 4376 possit.
684 4292 797 4376 Neque
810 4303 964 4374 praeterea
978 4311 1063 4351 sanoe
1079 4290 1209 4352 rationis
1223 4304 1380 4376 praecepta
1390 4306 1442 4373 per·

174 4400 303 4462 mittunt
325 4399 400 4462 elias
426 4400 507 4463 vires
530 4398 719 4485 excogitare,
745 4398 778 4459 in
804 4399 903 4482 iisque
925 4416 1051 4459 causam
1070 4395 1166 4458 aestirs
1187 4398 1285 4460 maris
1305 4397 1443 4466 colonae.

175 4522 343 4593 antequam
362 4510 524 4574 evidenter
545 4509 585 4573 sit
603 4509 862 4582 demonstratum,
883 4507 973 4569 binas
993 4506 1067 4568 istas
1092 4505 1172 4567 vires
1195 4505 1303 4570 Solem
1330 4507 1446 4572 Lunen-

174 4637 236 4701 que
252 4628 437 4700 spectantes,
453 4639 530 4702 quas
545 4639 608 4680 non
624 4614 762 4704 gratuiti>
777 4614 991 4688 assumsimus,
1016 4612 1072 4676 sed
1088 4634 1128 4675 ex
1144 4614 1325 4678 certissimis
1339 4615 1448 4700 pheno

174 4723 274 4787 menis
296 4724 329 4786 in
351 4724 471 4788 mundo
489 4725 624 4788 existere
645 4724 799 4799 novimus,
823 4719 863 4784 ad
887 4721 1008 4783 fluxum
1034 4742 1071 4782 ac
1094 4721 1253 4784 refluxum
1277 4724 1372 4786 man's
1391 4740 1450 4808 pro·

173 4832 351 4897 ducendum
367 4854 429 4895 non
445 4856 513 4896 esse
528 4834 724 4897 sufficientes.
773 4833 811 4896 ln
827 4832 1029 4915 sequentibus
1044 4843 1149 4895 autem
1166 4831 1335 4915 Capitrbur
1346 4831 1451 4899 curre
