3300 5678
320 495 383 554 248
571 490 838 567 lNQUlSlTlO
862 491 1068 556 PHYSICA
1091 490 1142 556 IN
1165 488 1362 555 CAUSAM
1426 528 1432 536 ·

318 660 410 746 hujus
427 662 550 750 generis
572 661 803 747 phaenomenon
818 661 911 726 firarit
932 662 1138 747 propositum,
1162 661 1222 723 alia
1237 682 1331 723 causa
1345 659 1526 746 investigari
1546 681 1600 723 nou

318 784 432 855 potest,
449 772 509 835 nisi
522 795 592 858 quae
608 797 626 835 a
640 773 796 857 principio
810 772 887 836 tales
900 785 1005 835 motus
1019 770 1239 855 procreaverit.

360 889 384 966 §.
401 890 430 946 2.
456 882 562 968 Hujus
577 883 701 970 generis
715 881 797 946 soret
811 882 951 968 quaestio,
975 881 1000 942 si
1015 892 1208 966 quaereretur
1223 900 1317 941 causa
1330 875 1435 940 motds
1450 876 1601 964 vertiginis

315 989 513 1074 planetarum
535 1014 571 1055 ac
598 991 697 1066 Solis3
727 991 780 1054 hic
802 992 887 1053 enim
909 989 1065 1053 sufficeret
1087 1009 1156 1051 eam
1179 1006 1304 1049 causam
1326 985 1514 1070 assignasse,
1539 1006 1600 1070 qua

314 1098 402 1160 initio
424 1098 482 1161 hos
504 1113 607 1162 motus
629 1098 839 1183 produxisset,
863 1096 935 1161 crim
959 1096 1014 1161 Sol
1036 1094 1126 1181 aequd
1147 1115 1184 1157 ac
1207 1093 1343 1178 planeta
1366 1091 1464 1154 talem
1490 1106 1600 1155 motum

315 1206 411 1270 semel
433 1209 592 1271 consecuti
615 1207 750 1271 eundern
770 1205 899 1292 proprisi
921 1207 952 1269 vi
972 1203 1126 1291 perpetuo
1141 1224 1325 1266 conservare
1340 1201 1489 1280 debeant,
1509 1225 1601 1290 neque

314 1312 356 1376 ad
370 1312 432 1376 hoc
446 1313 678 1398 phaenomenon
694 1313 915 1400 explicandum
930 1315 976 1376 vis
991 1313 1056 1376 ulla
1074 1325 1204 1385 externa
1217 1311 1311 1374 etiarn
1325 1330 1412 1373 nunc
1426 1309 1544 1374 durans
1558 1332 1601 1373 re·

313 1420 463 1504 quiratur.
508 1421 620 1508 Longe
642 1421 731 1486 aliter
746 1445 779 1486 se
794 1445 844 1486 res
858 1421 962 1498 habet,
987 1422 1013 1485 si
1035 1432 1138 1484 motus
1160 1432 1355 1504 proponatur
1370 1440 1475 1505 neque
1491 1417 1601 1483 unifor-

312 1527 381 1603 mis,
410 1548 511 1612 neque
536 1511 753 1607 indirectum
781 1529 967 1615 procedens,
999 1525 1174 1612 cujusmodi
1199 1537 1247 1588 est
1275 1538 1380 1589 motus
1409 1523 1600 1610 planetarum

311 1634 488 1720 periodicus
504 1637 586 1711 circa
602 1638 728 1702 Solem:
750 1639 811 1702 hoc
830 1639 913 1702 enim
929 1661 1002 1702 casu
1021 1635 1149 1700 minime
1164 1637 1277 1700 sufficit
1291 1660 1329 1700 ea
1342 1637 1401 1714 vis,
1424 1659 1499 1722 quae
1519 1635 1599 1698 initia

310 1745 451 1830 planetas
476 1746 517 1810 ad
538 1748 713 1813 istiusmodi
734 1763 838 1814 motus
859 1750 1027 1836 impulerit,
1051 1749 1107 1813 sed
1128 1747 1282 1833 perpetud
1303 1770 1396 1812 novae
1417 1750 1534 1812 virium
1553 1771 1597 1812 ac·

312 1855 412 1918 tiones
434 1856 643 1941 requiruntur,
668 1881 687 1920 a
702 1858 814 1943 quibus
830 1871 893 1921 tarn
908 1858 1048 1922 celeritas
1065 1854 1159 1943 quim
1174 1856 1303 1920 directio
1319 1854 1474 1919 continui)
1495 1857 1597 1919 immu-

310 1971 409 2024 tetur:
447 1984 517 2046 quae
539 1963 629 2039 vires,
657 1962 752 2050 quim
774 1962 911 2048 primdm
933 1976 1099 2039 cessarent,
1116 1963 1220 2026 subiti)
1234 1963 1369 2046 planetae
1392 1963 1513 2027 orbitas
1533 1984 1595 2026 suas

311 2068 501 2147 desererent,
525 2084 617 2159 atque
639 2073 839 2137 indirectum
854 2085 942 2137 motu
956 2072 1103 2160 aequabili
1124 2071 1292 2136 avolarent.
1340 2069 1485 2146 Quodsi
1509 2072 1595 2159 igitur

309 2174 542 2260 phaenomenon
563 2179 772 2266 quodcunque
794 2193 915 2244 naturae
940 2191 1144 2267 proponatur,
1172 2178 1243 2242 ante*
1269 2179 1375 2241 omnia
1399 2179 1595 2244 sollicitem

312 2287 542 2373 inquirendum,
566 2290 607 2355 ad
629 2289 787 2377 quodnam
809 2313 909 2379 genus
925 2291 957 2354 id
971 2292 1126 2376 pertineat
1140 2303 1233 2376 utque
1248 2302 1353 2353 utrum
1369 2311 1468 2353 causa
1482 2291 1514 2352 iu
1528 2290 1593 2352 viri·

310 2395 369 2459 bus
395 2399 531 2462 extemis
558 2400 597 2463 sit
622 2401 801 2486 quaerenda,
833 2423 873 2464 an
903 2402 935 2464 in
965 2402 1033 2485 ipso
1059 2400 1200 2484 subjecto
1226 2397 1383 2483 corpore?
1421 2399 1593 2475 Quinetiam

310 2504 525 2588 saepenumerd
547 2529 606 2569 usu
628 2509 733 2571 venire
754 2521 867 2592 potest,
892 2522 926 2572 ut
950 2508 1077 2572 effectus
1099 2508 1260 2593 utriusque
1286 2507 1411 2594 generis
1439 2509 1473 2570 in
1494 2507 1592 2572 eodem

309 2610 519 2696 phaenomeno
540 2612 674 2678 multum
695 2616 758 2679 sint
771 2616 853 2679 inter
870 2639 903 2679 se
916 2615 1084 2699 permixti;
1107 2637 1170 2701 quo
1185 2636 1260 2678 casu
1275 2635 1398 2676 summo
1414 2614 1520 2679 studio
1538 2614 1559 2677 ii
1575 2636 1592 2676 a

310 2742 344 2783 se
369 2721 502 2785 invicem
528 2722 662 2785 discerni
691 2722 763 2786 ante
793 2723 960 2799 debebunt,
992 2720 1086 2808 quim
1111 2743 1274 2784 causarum
1306 2720 1507 2807 investigatio
1534 2742 1591 2783 sus·

310 2830 452 2916 cipiatur.

353 2946 376 3020 §.
394 2949 423 3004 8.
448 2940 511 3004 His
534 2940 592 3005 rite
613 2942 773 3025 perpensis
797 2941 962 3023 explicatio
986 2939 1110 3016 Galilei,
1137 2962 1229 3025 quarn
1252 2939 1285 3000 in
1307 2939 1372 3000 suis
1394 2937 1537 3025 Dialogis
1556 2936 1588 2998 de

310 3044 405 3109 AEstu
422 3046 522 3109 Maris
538 3048 695 3133 assignare
711 3061 758 3110 est
773 3060 911 3124 conatus,
927 3069 1003 3110 mox
1018 3046 1173 3121 concidit;
1194 3047 1314 3132 putavit
1329 3045 1415 3109 enim
1430 3046 1545 3109 fluxum
1559 3067 1587 3106 ac

309 3156 464 3219 refluxum
479 3158 572 3220 maris
587 3156 708 3221 tantdm
725 3181 743 3220 a
758 3156 892 3220 motibus
909 3155 1020 3219 Terrae
1035 3157 1184 3218 rotatorio
1196 3157 1278 3219 circa
1289 3176 1382 3216 axem
1394 3168 1427 3217 et
1441 3153 1586 3238 periodioo

310 3266 393 3330 circa
411 3267 516 3331 Solem
531 3269 615 3346 oriri,
639 3290 740 3354 neque
756 3268 823 3330 aliis
838 3268 954 3331 viribus
969 3267 1064 3331 tribui
1083 3282 1238 3351 oportere,
1262 3265 1320 3329 nisi
1336 3287 1409 3351 quae
1424 3265 1483 3329 hos
1498 3280 1585 3328 motus

308 3372 376 3438 trim
390 3375 574 3458 producant,
592 3372 663 3439 crim
678 3388 869 3439 conservent.
915 3376 1060 3461 Namque
1075 3376 1100 3438 si
1115 3399 1268 3459 ponamus
1280 3374 1417 3438 Terram
1432 3375 1499 3438 solo
1512 3386 1583 3436 motu

309 3483 422 3547 diurno
447 3507 514 3548 esse
537 3486 710 3568 praeditam,
736 3487 794 3550 iste
818 3499 922 3549 motus
945 3509 1031 3549 mare
1056 3486 1145 3550 aliter
1170 3509 1235 3550 non
1256 3486 1380 3565 afficiet,
1404 3487 1466 3549 nisi
1487 3484 1519 3548 id
1537 3480 1582 3545 sub

307 3604 466 3678 oequatore
481 3590 661 3669 attollenda,
684 3616 724 3656 ex
739 3616 802 3679 quo
817 3594 920 3680 figura
942 3592 1053 3656 Terrae
1068 3592 1274 3677 sphaeroidica
1297 3615 1478 3677 compressa
1499 3589 1582 3654 nasci·

308 3714 370 3778 tur,
394 3715 497 3766 motus
519 3700 594 3767 verd
610 3705 787 3787 reciprocus
810 3704 843 3767 in
865 3704 944 3766 mari
965 3702 1093 3766 omnini)
1108 3703 1212 3766 nullus
1227 3703 1301 3765 hinc
1314 3702 1462 3789 generari
1475 3698 1580 3786 poterit

293 3806 407 3891 ,Quod
422 3810 449 3872 si
470 3822 575 3873 autern
590 3810 700 3874 Terrae
715 3812 842 3895 insuper
856 3824 976 3874 motum
991 3811 1176 3897 aequabilem
1197 3812 1228 3873 in
1245 3811 1400 3874 directum
1416 3811 1579 3881 tribuamus,

307 3918 413 4001 priora
430 3917 638 4001 phaenomena
652 3921 739 3984 nullo
755 3921 849 3984 modo
864 3920 1046 3998 afficientur,
1071 3922 1125 3984 sed
1148 3920 1275 4005 prorsris
1292 3921 1402 3985 eadem
1418 3921 1579 3990 manebunt,

308 4025 573 4109 quemadmodum
596 4051 636 4090 ex
656 4030 816 4115 principiis
831 4031 1022 4095 mechanicis
1038 4032 1205 4097 clarissime
1227 4033 1363 4117 perspici
1383 4034 1466 4110 licet,
1485 4032 1579 4119 qulbus

307 4147 429 4197 constat
442 4151 562 4201 motum
578 4139 764 4204 uniformem
779 4142 811 4203 in
827 4141 979 4205 directum
995 4142 1139 4205 omnibus
1154 4143 1294 4226 partibus
1310 4143 1486 4226 systematis
1496 4142 1580 4225 cujus·

309 4263 433 4326 cunque
459 4266 625 4328 corporum
651 4247 812 4332 aequaliter
837 4248 1023 4331 impressum
1046 4248 1164 4312 nullam
1190 4245 1319 4311 omnino
1339 4245 1579 4312 mutationemiu

308 4363 393 4413 rnotu
417 4363 449 4415 et
470 4354 530 4417 situ
552 4357 687 4438 partium
707 4357 835 4420 relativo
858 4358 981 4422 inferre.
1027 4361 1131 4423 Abeat
1145 4382 1229 4423 nunc
1244 4372 1348 4422 motus
1365 4360 1424 4423 iste
1439 4354 1582 4444 aequsbilia

308 4459 418 4523 Terroe
433 4461 465 4523 in
481 4462 634 4528 directum
648 4465 817 4549 impressus
832 4467 865 4528 in
877 4467 1060 4531 circularem
1071 4469 1119 4531 vel
1135 4468 1305 4551 ellipticum
1321 4491 1377 4552 per
1395 4470 1477 4531 vires
1487 4466 1583 4553 quibu

308 4570 409 4633 Terra
429 4572 583 4656 perpetud
605 4574 646 4638 ad
670 4575 775 4639 Solem
798 4591 943 4662 urgetur3
967 4598 1004 4640 ac
1026 4599 1066 4640 ne
1087 4578 1147 4640 hoc
1162 4577 1288 4662 quidem
1304 4600 1378 4641 casu
1394 4576 1478 4640 ullus
1496 4588 1584 4640 motus

307 4679 484 4763 reciprocus
508 4682 540 4743 in
567 4684 646 4747 mari
668 4686 799 4769 produci
826 4687 961 4770 poterit3
986 4687 1070 4772 quod
1092 4686 1162 4751 crim
1183 4710 1241 4771 per
1263 4712 1295 4751 se
1317 4703 1366 4751 est
1386 4688 1585 4772 perspicuum

308 4785 375 4850 trim
390 4787 484 4850 etiam
505 4789 544 4850 ab
568 4790 635 4873 ipso
651 4792 775 4858 Galileo
790 4816 854 4857 non
871 4796 1030 4859 statuitur:
1055 4797 1121 4880 ipse
1136 4798 1218 4860 enirn
1235 4819 1298 4859 non
1315 4793 1378 4859 trim
1395 4819 1436 4861 ex
1451 4795 1588 4861 mixtione
