3300 5678
322 886 326 893 .
400 766 1061 872 lNTRODUCTIO

707 1019 757 1066 AD

489 1233 737 1310 TERTIUM
763 1230 972 1306 LIBRUM

252 1500 750 1583 PHILOSOPHIAE
793 1498 1210 1580 NATURALIS

570 1726 622 1792 IS.
647 1724 889 1791 NEWTONI.

637 1984 829 2004 mm

517 2169 692 2245 CAPUT
717 2170 947 2247 PRIMUM.
1008 2183 1011 2190 '

92 2351 200 2435 Quale
223 2355 319 2428 oculo
347 2370 440 2431 aucto
464 2371 634 2452 appareat
658 2360 776 2431 maadi
803 2371 949 2453 systema
969 2358 1091 2456 paucis
1120 2358 1315 2454 eapaaitar,
1342 2369 1378 2430 et

257 2476 375 2569 prima
392 2478 621 2550 Astronomioe
637 2479 819 2552 Elementa
835 2481 984 2553 breviter
999 2488 1213 2552 revocantur.

98 2696 124 2750 1.
139 2657 293 2754 Fleant
315 2685 433 2750 telluris
455 2702 503 2751 est
523 2685 753 2772 propemoddm
775 2688 937 2772 sphaerica,
959 2703 992 2753 et
1005 2688 1077 2753 ideo
1091 2689 1234 2777 gravium
1249 2688 1380 2752 directio

94 2810 141 2879 [ut
160 2809 235 2882 pote
258 2818 329 2882 quae
350 2817 502 2882 aquarum
524 2797 734 2883 stagnantium
756 2797 931 2881 superficiei
953 2795 1223 2881 perpendicularis
1249 2796 1308 2874 est)
1339 2794 1380 2857 ad

96 2919 233 2968 eattmm
259 2918 351 2966 terrae
376 2904 477 2967 tendit
499 2926 593 2989 quam
616 2902 769 2986 proxime.
816 2903 908 2967 Patet
932 2925 990 2986 per
1013 2901 1156 2985 Eciipses
1181 2902 1324 2966 Lunares
1348 2902 1380 2965 in

99 3013 208 3098 quibus
224 3011 335 3074 umbra
349 3013 514 3088 terrestris,
538 3012 571 3073 in
594 3032 821 3096 quamcumque
836 3009 907 3073 ooeli
921 3009 1048 3097 plagam
1062 3021 1180 3096 vergat,
1197 3027 1245 3073 est
1259 3031 1381 3095 semper

98 3124 135 3186 ad
150 3145 277 3186 sensum
292 3121 458 3185 circularis.

139 3238 169 3291 2.
186 3228 360 3313 Spectatori
376 3229 513 3292 terrestri
529 3226 642 3290 ooelum
657 3238 787 3310 apparet
796 3238 943 3313 tanquam
952 3227 1132 3312 superficies
1144 3227 1296 3312 sphaerica
1307 3248 1381 3289 con·

100 3361 180 3415 aava,
210 3339 306 3406 stellis
333 3338 474 3423 plurimis
501 3337 656 3412 distincta,
683 3338 771 3421 cujus
801 3336 868 3420 ipse
892 3350 1047 3422 spectator
1072 3352 1215 3401 centrum
1240 3351 1381 3419 occupat,

102 3470 232 3533 quaeque
246 3445 330 3510 circi
343 3458 460 3529 puncta
474 3443 539 3508 fixa
559 3441 616 3507 ced
632 3443 774 3507 cardines
789 3444 830 3507 ab

102 3570 171 3618 ortu
192 3555 233 3619 ad
255 3577 401 3619 occasum
415 3552 611 3639 aequabiliter
627 3552 827 3630 convertitur,

101 3678 133 3727 et
147 3672 188 3727 24
204 3665 327 3727 circiter
341 3662 427 3726 horis
438 3663 592 3748 integram
603 3661 830 3724 revolutionem

104 3773 244 3836 absolvit.
301 3771 422 3834 Puncta
447 3769 501 3833 illa
529 3770 674 3855 opposita
698 3769 725 3833 P
750 3782 783 3833 et
808 3792 830 3855 p

105 3880 187 3944 circi
218 3904 288 3968 quae
320 3880 417 3943 rotari
449 3878 571 3942 videtur
598 3877 731 3963 sphaera,
761 3880 832 3960 poli
911 3942 920 3953 ,

104 3990 212 4053 mundi
227 3989 385 4066 dicuntur,
398 4011 531 4075 quorum
547 3989 572 4051 is
585 3989 639 4074 qui
651 3988 740 4051 nobis
756 4010 831 4051 con·

106 4120 230 4181 spiceus
255 4113 311 4173 est,
337 4110 373 4160 ut
400 4095 435 4174 P,
464 4097 596 4160 arcticus
624 4096 669 4159 vel
698 4096 830 4161 borealis

109 4209 233 4284 dicitur,
258 4208 317 4292 ipsi
340 4205 415 4270 vero
431 4207 592 4291 oppositus
607 4228 629 4290 p
643 4208 830 4270 antarcticus
903 4248 923 4307 3,

104 4339 157 4380 seu
173 4315 318 4379 australis
333 4314 515 4399 appellatur.
563 4314 662 4378 Recta
675 4315 758 4379 linea
770 4315 831 4400 Pp

107 4440 272 4510 utrumque
294 4422 404 4508 polum
429 4436 616 4487 connectens
638 4427 706 4488 aeis
728 4427 831 4487 mundi

106 4546 242 4596 mm.
751 4547 754 4552 .

147 4642 304 4726 AEqtaawr
318 4638 382 4704 sive
397 4641 616 4724 aquiaoetralis
630 4654 678 4705 est
691 4643 825 4709 arodus
837 4645 969 4729 sphaera
980 4645 1111 4711 coelestis
1126 4648 1279 4712 maximus
1294 4649 1380 4733 cujus

107 4748 169 4831 poli
184 4747 279 4812 iidem
294 4759 368 4812 sunt
384 4769 454 4812 cum
465 4748 546 4832 polis
561 4750 689 4828 mundi3
705 4751 897 4840 proindeque
909 4754 1062 4838 sphaeram
1072 4757 1260 4821 mundanam
1272 4756 1381 4821 dividit
