3330 5692
67 518 180 584 Lmen
195 515 376 596 Tanatus]
421 514 662 581 PRINCIPIA
686 515 1054 583 MATHEMATICA.
1309 527 1350 588 97

112 691 213 756 Porro
233 688 301 753 fieri
323 699 427 771 potest
442 699 477 752 ut
500 700 593 752 aestus
614 702 806 775 propagetur
820 689 862 751 ob
878 708 995 753 oceano
1010 710 1066 772 per
1081 686 1159 752 freta
1173 687 1296 754 diversa
1309 690 1349 754 ad

64 799 201 866 eundem
214 811 351 883 portum,
368 810 400 861 et
413 797 504 863 citiam
519 810 656 862 transeat
670 821 727 882 per
741 798 844 883 aliqua
859 797 937 862 freta
951 795 1044 884 quim
1059 821 1116 882 per
1130 800 1209 864 alia:
1239 823 1302 886 quo
1316 801 1350 864 in

63 934 139 976 casu
153 922 247 973 testam
263 908 358 985 idem,
381 908 414 970 in
437 907 516 971 duos
532 909 580 972 vel
596 909 700 993 plures
715 907 887 973 successive
901 908 1100 973 advenientes
1115 910 1240 989 divisus,
1264 934 1350 976 oom-

62 1040 183 1104 ponere
206 1017 307 1103 possit
330 1028 434 1081 motus
453 1039 552 1080 novos
563 1018 756 1081 diversorum
770 1040 931 1104 generum.
978 1019 1148 1106 Fingamus
1163 1035 1256 1084 oestus
1270 1022 1349 1086 duos

62 1125 199 1213 aequales
215 1148 235 1188 a
248 1124 378 1189 diversis
393 1124 469 1187 loeis
484 1124 517 1187 in
529 1124 663 1188 eundem
678 1137 804 1208 portum
815 1126 931 1202 venire,
945 1148 1077 1211 quorum
1092 1127 1180 1210 prior
1193 1128 1350 1211 praeoedat

63 1237 196 1302 alterum
224 1236 325 1320 spatio
350 1235 498 1301 horarum
524 1257 589 1311 sex,
616 1234 792 1320 incidatque
819 1235 850 1297 in
876 1234 986 1298 horam
1010 1237 1133 1298 tertiam
1155 1236 1194 1298 ab
1217 1237 1349 1321 appulsu

64 1347 166 1411 Lunoe
179 1344 223 1410 ad
237 1344 445 1409 meridianum
458 1357 577 1429 portus.
625 1344 658 1408 Si
681 1344 773 1408 Luna
787 1344 819 1407 in
835 1344 931 1409 hocce
946 1368 1004 1409 suo
1018 1345 1059 1409 ad
1074 1346 1280 1410 meridianum
1294 1369 1349 1430 ap-

62 1457 155 1541 pulsu
170 1456 354 1520 versabatur
367 1456 398 1519 in
411 1467 578 1540 aequatore‚
592 1455 716 1517 venient
726 1453 856 1540 singulis
867 1454 953 1518 horis
965 1454 1047 1518 senis
1060 1455 1195 1540 aequales
1205 1455 1347 1533 affluxus,

60 1566 165 1652 quiin
179 1575 305 1628 mutuos
320 1563 456 1626 refluxus
470 1560 638 1625 incidendo
652 1560 776 1624 eosdem
792 1559 957 1625 affluxibus
973 1562 1151 1647 aequabunt,
1173 1575 1203 1625 et
1219 1563 1262 1625 sic
1279 1585 1349 1646 spa·

61 1676 107 1739 tio
126 1673 189 1737 diei
205 1672 289 1738 illins
305 1671 439 1736 efficient
459 1687 494 1735 ut
513 1692 593 1756 aqua
608 1668 773 1754 tranquille
789 1683 919 1758 stagnat
967 1672 1001 1737 Si
1017 1672 1109 1736 Luna
1124 1685 1198 1736 tunc
1213 1673 1349 1737 declina-

62 1783 118 1846 bat
132 1782 173 1845 ab
185 1792 354 1867 aequatora
370 1779 446 1842 fient
460 1792 553 1843 aestus
568 1780 600 1841 in
616 1801 734 1842 oceano
745 1780 864 1843 vicibus
876 1781 1003 1844 alternis
1015 1782 1147 1865 majores
1158 1794 1190 1845 et
1200 1782 1347 1859 minores,

63 1892 112 1955 uti
134 1889 248 1955 dietum
268 1901 334 1965 est;
357 1902 389 1952 et
409 1888 482 1951 inde
497 1889 754 1974 propagabuntur
768 1889 801 1950 in
815 1888 899 1953 hunc
914 1905 1040 1974 portum
1056 1889 1189 1954 affluxus
1204 1891 1269 1954 bini
1283 1914 1349 1954 ma-

56 2003 149 2085 jores
163 2011 194 2062 et
205 1997 271 2062 bini
285 1996 432 2074 minores,
449 1996 568 2060 vicibus
583 1996 719 2060 alternis.
755 1996 900 2062 Affluxus
916 2012 1019 2062 autem
1035 1999 1101 2062 bini
1115 2002 1249 2085 majores
1264 2022 1350 2064 com-

62 2124 185 2198 ponent
201 2132 314 2197 aquam
334 2109 512 2173 altissimam
527 2109 560 2171 in
574 2108 679 2172 medio
693 2109 774 2172 inter
790 2122 968 2195 utrumque,
985 2109 1118 2174 affluxus
1131 2113 1232 2195 major
1245 2123 1277 2175 et
1290 2112 1350 2176 mi·

58 2281 194 2344 superando
208 2280 361 2328 memsam
377 2278 502 2326 fluminum
519 2279 588 2327 faciet
604 2295 689 2341 aquam
722 2295 799 2327 cessus
817 2279 947 2327 altitudinis
967 2281 1023 2329 CA
1042 2297 1111 2341 snper
1126 2281 1273 2328 altitudinem
1292 2283 1348 2331 CB

57 2347 131 2394 eio'us
142 2361 171 2393 ae
185 2345 276 2393 diutius
291 2343 396 2400 influere,
413 2342 518 2406 adedque
527 2345 619 2391 minuet
630 2345 689 2390 bane
721 2345 757 2392 val
770 2345 790 2392 C
806 2344 824 2390 F
838 2345 969 2407 designabit
980 2346 1105 2393 maximam
1115 2346 1268 2407 quantitatem
1279 2347 1349 2394 estiis

58 2411 232 2459 differentiam:
252 2406 341 2456 interei
357 2407 410 2455 τετὸ
427 2409 485 2455 dum
503 2409 573 2456 Luna
584 2412 613 2455 ad
624 2423 689 2469 syay-
721 2409 745 2454 in
762 2408 840 2455 medio
855 2410 924 2455 maris
943 2411 965 2457 E
981 2411 1000 2457 F
1016 2410 1131 2457 littoribus
1147 2411 1178 2465 E,
1193 2410 1347 2468 Fterminati,

59 2477 109 2538 gisa
125 2482 243 2537 properat,
260 2488 352 2520 amesae
367 2482 403 2518 est
418 2483 445 2519 ut
461 2472 558 2519 flumina
568 2475 598 2520 ob
609 2487 690 2519 eunus
721 2482 745 2519 et
754 2488 860 2520 excessus
870 2473 1000 2521 altitudinis
1013 2474 1055 2521 Ce
1065 2489 1135 2534 super
1144 2473 1291 2521 altitudinem
1301 2476 1346 2528 Cf.

59 2555 114 2587 auos
130 2554 173 2600 per
189 2536 376 2600 magnitudinem
392 2547 492 2584 aestuum
507 2537 630 2596 impeditos
640 2552 690 2583 ma·
721 2548 821 2597 exponet
836 2538 962 2585 maximam
978 2538 1131 2600 quantitatem
1142 2537 1212 2585 testis
1226 2537 1256 2584 ad
1273 2539 1349 2587 littora

59 2605 96 2666 gia
106 2602 285 2664 impleanturet
296 2599 416 2662 proptered
426 2599 620 2647 marisreliuaum
632 2617 689 2661 pau-
722 2601 826 2663 ejusdem
842 2602 918 2648 maris.
955 2604 1039 2667 (Nam,
1051 2602 1180 2649 differentia
1191 2602 1250 2649 inter
1261 2602 1348 2650 diame-

60 2667 85 2716 Ιό
94 2669 171 2730 magia
180 2665 311 2727 impediant
320 2665 426 2726 proxime
441 2675 493 2726 post
503 2666 607 2727 syzygias
616 2665 688 2728 qudm
721 2676 784 2712 uum
799 2667 939 2714 biseoantem
955 2668 1071 2729 angulum
1085 2667 1167 2713 datum
1178 2681 1247 2729 quem
1259 2667 1349 2714 iaciunt

60 2731 166 2792 proxime
176 2729 240 2778 anti.
278 2729 316 2777 Ei
326 2728 357 2776 de
367 2729 437 2777 causti
447 2740 516 2776 astus
527 2730 632 2776 omniurn
644 2741 689 2778 tar.
721 2729 775 2776 dne
786 2729 891 2777 diametri
903 2732 1009 2791 ellipseos
1019 2742 1042 2777 et
1053 2730 1186 2777 alterutram
1197 2745 1226 2777 ex
1243 2731 1289 2776 illis
1300 2730 1347 2777 dia-

58 2796 149 2844 disant
160 2809 210 2843 nott
220 2794 325 2842 incident
335 2795 359 2840 in
371 2793 432 2853 ipsas
442 2794 553 2855 syzygias,
570 2794 609 2840 sed
620 2793 691 2855 paulo
721 2794 800 2840 metris
815 2795 889 2855 major
905 2810 954 2841 esse
965 2809 1012 2840 non
1024 2803 1099 2854 potest
1109 2808 1137 2840 ex
1148 2792 1232 2840 naturis
1242 2793 1348 2854 ellipsaos

60 2859 200 2920 precedent.
236 2859 296 2907 Diri
311 2871 381 2905 aestua
395 2859 464 2906 etiam
475 2857 529 2904 ante
541 2859 644 2920 syzygias
655 2875 691 2906 re-
721 2857 792 2920 quim
803 2859 821 2904 si
839 2858 879 2903 illa
890 2857 1001 2905 diameter
1011 2858 1114 2905 biseeans
1124 2858 1154 2904 sit
1164 2858 1282 2904 serni-sris
1299 2874 1347 2906 ma·

60 2924 181 2971 tardarivi
195 2923 264 2971 Solis·
297 2923 654 2985 conjungaturcaussutraque‚
667 2935 691 2970 et
718 2922 757 2984 jor
772 2932 796 2968 et
810 2921 940 2968 differentia
950 2922 1011 2968 inter
1020 2921 1072 2967 illas
1083 2921 1141 2968 duas
1154 2922 1215 2980 ipsas
1225 2921 1348 2969 diametros

62 3000 161 3035 annm
178 2987 303 3035 mudum
318 2998 342 3034 et
356 2990 431 3053 major
440 2987 483 3034 erit
494 2996 517 3032 et
528 2987 632 3049 syzygias
641 3002 691 3034 ma·
722 2985 836 3096 anqpnlum
852 2985 933 3033 datum
949 2987 1115 3033 constituentes
1125 2985 1198 3047 major
1208 3001 1257 3033 esse
1268 2987 1349 3050 nequit

63 3053 97 3115 gia
110 3051 235 3114 pracedat.
272 3053 335 3106 Quat
345 3053 424 3099 omnia
435 3049 467 3097 itai
477 3066 502 3097 se
512 3051 596 3096 babere
607 3051 692 3113 colligo
721 3066 752 3111 qu
803 3050 822 3096 si
833 3049 944 3097 diameter
955 3050 1069 3112 angulum
1080 3050 1183 3097 bisecans
1193 3049 1262 3098 iaciat
1272 3067 1346 3112 angu-

65 3131 92 3162 ει
107 3116 195 3164 tabulis
210 3126 311 3165 astutam
321 3131 379 3176 quas
395 3114 564 3164 Flamsteedius
574 3129 602 3161 er
613 3117 691 3162 obser-
720 3113 771 3161 lum
783 3129 837 3161 cum
848 3129 891 3161 aaa
907 3113 1086 3175 semi-rectum.)
1122 3114 1192 3162 Unde
1206 3125 1269 3175 patet
1279 3125 1348 3163 astus

67 3181 194 3229 rationibus
204 3180 382 3244 quamplurimis
397 3179 532 3228 construxit.
723 3178 752 3225 ad
775 3179 851 3226 littora
868 3194 916 3225 esse
937 3178 1106 3240 propemodum
1122 3188 1150 3225 ut
1165 3181 1235 3225 ureris
1250 3179 1348 3227 latitudo

99 3250 151 3294 toa.
171 3245 285 3292 AEstttum
301 3244 440 3306 magnitudo
458 3258 505 3290 non
524 3258 608 3303 parum
622 3245 691 3291 etiam
723 3244 746 3290 E
762 3243 787 3299 F,
800 3257 854 3290 arcu
865 3243 1009 3305 quadrantali
1026 3257 1073 3289 non
1088 3243 1168 3305 major.
1206 3243 1271 3290 Hine
1282 3244 1309 3290 tit
1322 3255 1349 3290 ut

71 3308 151 3367 pendet
167 3325 182 3356 a
197 3308 360 3372 magnitudine
373 3309 480 3365 marium,
492 3317 520 3354 ut
531 3307 554 3352 in
568 3307 691 3369 Opusralo
723 3307 804 3354 nullus
831 3317 872 3354 aut
897 3307 946 3356 ieri
973 3307 1053 3354 nullus
1077 3309 1209 3354 observetur
1234 3322 1347 3369 aquarum

74 3373 136 3419 dtato
154 3375 258 3420 abnatat
276 3372 360 3420 clariss.
382 3383 456 3420 autor.
493 3371 527 3417 Sit
548 3371 568 3419 C
587 3383 692 3419 centium
722 3381 800 3418 motus
815 3373 839 3417 in
856 3373 958 3418 uteribus
968 3387 1016 3419 non
1027 3371 1080 3419 satis
1092 3369 1138 3418 tate
1149 3372 1287 3431 patentibus,
1304 3372 1348 3418 nisi

77 3435 155 3494 Terra,
176 3437 200 3484 E
214 3439 236 3483 A
251 3437 276 3483 D
288 3437 311 3484 B
327 3437 428 3498 oblonga
444 3435 514 3482 maris
531 3434 613 3497 ligura,
633 3438 653 3484 C
671 3439 692 3483 Δ
721 3451 775 3482 turn
786 3451 873 3483 oceano
883 3436 933 3496 ipso
944 3434 1014 3485 libere
1025 3437 1205 3484 communicent.
1244 3435 1348 3483 sienim

79 3501 188 3547 aemi-axis
197 3501 278 3565 major,
292 3501 313 3549 0
328 3501 351 3548 B
362 3500 480 3549 semi-aris
490 3500 567 3546 minor
577 3500 646 3561 priori
658 3501 693 3547 in·
722 3500 780 3545 nihil
797 3511 837 3547 aut
853 3515 935 3559 parum
952 3516 1007 3548 cum
1023 3516 1109 3547 oceano
1126 3499 1304 3557 communicent,
1321 3509 1349 3546 ut

723 3563 806 3611 accidit
818 3565 842 3609 in
853 3565 910 3611 mari
924 3564 1103 3621 Mediterraneo,
1115 3575 1186 3611 estus
1195 3561 1288 3627 quoqud
1297 3578 1348 3610 eam

722 3630 751 3675 ob
774 3643 867 3675 eausam
889 3629 965 3675 minor
986 3628 1173 3688 deprehenditur.
1221 3628 1288 3675 Hine
1314 3637 1349 3674 eat

263 3767 299 3813 ῃ
328 3731 396 3796 fn
724 3691 1350 3818 tsnrunnmtmtrtmru

385 3801 543 4000 ι
724 3822 798 3866 multo
809 3820 990 3883 minoresquam
1001 3822 1054 3867 binc
1066 3820 1228 3866 indeinsonis
1235 3830 1348 3879 tempera-

724 3885 754 3930 tis
765 3884 805 3931 ubi
815 3885 888 3930 maria
900 3885 945 3932 late
957 3895 1041 3944 patent,
1054 3884 1112 3931 etin
1124 3884 1194 3929 maris
1206 3883 1300 3930 Pacifici
1311 3884 1349 3930 lit-

362 3982 364 3985 v
726 3948 814 3995 toribus
825 3949 874 3995 iere
884 3949 983 4011 singulis
993 3959 1040 3996 tam
1050 3948 1195 3994 Americanis
1204 3949 1274 4010 quint
1288 3948 1349 3995 sini-

723 4013 757 4059 tis
767 4023 790 4059 et
801 4011 861 4059 iatri
869 4015 968 4073 tropicos
978 4023 1001 4059 et
1011 4012 1082 4059 antris
1120 4011 1261 4075 Contingere
1271 4024 1347 4059 tamen

726 4087 801 4136 potest
819 4088 845 4124 ut
860 4088 930 4124 estus
941 4079 981 4139 qui
998 4079 1021 4123 in
1032 4092 1118 4124 oceano
1128 4075 1250 4123 mediocria
1265 4088 1306 4134 eat,
1323 4075 1348 4122 iu

724 4139 800 4187 fluviis
815 4141 896 4188 evadat
911 4141 1027 4187 maximus
1043 4151 1135 4202 propter
1145 4139 1253 4187 mundtiis
1262 4156 1346 4204 augus-

724 4205 768 4251 tias
784 4205 934 4268 littorumque
949 4205 1042 4252 marsim
1059 4203 1193 4251 ooiiuntium
1208 4219 1348 4267 eonvergen·

100 4323 107 4334 ,
727 4269 790 4316 tiam.
827 4270 888 4316 Haec
906 4270 936 4316 de
954 4270 1024 4315 maris
1040 4279 1097 4316 astu
1113 4283 1154 4327 pro
1170 4270 1275 4329 presenti
1288 4271 1350 4316 dieta

90 4331 392 4397 masadanguloareetos.
424 4333 536 4379 Sumatur
548 4331 572 4378 D
584 4340 697 4390 punctum
725 4333 786 4381 sint:
808 4332 837 4380 de
857 4332 900 4381 bric
918 4332 1060 4381 nobilissimi
1079 4334 1139 4379 inter
1157 4334 1261 4394 physicos
1275 4348 1348 4395 quaa·

91 4390 177 4441 Minus
192 4397 252 4446 iuter
268 4400 289 4444 Δ
302 4408 326 4444 et
342 4398 371 4450 Β,
392 4397 467 4458 sitque
487 4396 509 4442 E
524 4397 543 4443 C
558 4396 586 4451 F,
602 4396 637 4442 vel
655 4396 698 4455 ipsi
725 4397 788 4444 tione
799 4398 900 4459 piurima
914 4399 937 4444 in
957 4398 1063 4454 decursu,
1081 4396 1121 4443 nbi
1136 4410 1237 4446 recurret
1253 4399 1348 4448 oeeaaio.

89 4458 191 4517 ¹qualite
203 4463 223 4510 C
235 4464 248 4508 i
255 4461 357 4524 angulus
367 4460 397 4507 ad
409 4471 513 4508 centrum
526 4459 613 4514 Terrae,
628 4475 697 4521 quem
726 4463 888 4524 adjungemus.
926 4463 1042 4509 Prolixius
1057 4462 1117 4508 soret
1132 4463 1238 4525 prosequi
1255 4463 1326 4508 factas
1336 4478 1351 4507 a

88 4522 190 4572 flbtendit
200 4525 299 4574 latitudo
309 4525 379 4572 matis
390 4525 504 4572 littoribus
516 4525 547 4577 E,
562 4524 589 4580 F,
602 4525 637 4570 vel
648 4541 668 4577 e,
681 4525 696 4580 f,
726 4526 908 4589 diligentissimis
915 4525 1055 4586 pbilosophis
1063 4535 1160 4573 matutam
1169 4527 1349 4583 observationem

87 4587 188 4635 emitari
195 4609 204 4648 3
222 4601 328 4637 versetur
343 4600 420 4636 autem
437 4598 551 4650 punctum
565 4591 596 4646 A,
614 4588 638 4635 in
650 4604 697 4635 me·
727 4591 897 4652 legunturque
908 4592 985 4637 buret
995 4590 1142 4638 illuctumin
1151 4592 1269 4639 Transart
1279 4590 1351 4652 Angl.

85 4648 183 4700 diointer
193 4665 283 4716 puncta
299 4654 330 4708 E,
346 4653 375 4710 1²,
385 4665 408 4699 et
424 4663 538 4714 punctum
551 4653 611 4699 Diu
623 4653 700 4699 medio
728 4655 815 4701 tamin
829 4655 895 4701 Mon.
911 4655 981 4701 Paris.
995 4655 1095 4714 dispersa
1107 4655 1261 4710 inveniuntur,
1274 4655 1312 4701 sed
1324 4669 1352 4700 ea

82 4715 137 4762 iste
151 4731 238 4777 puncta
248 4735 270 4774 e,
282 4719 300 4765 i.
336 4718 360 4764 si
376 4732 417 4777 per
433 4717 585 4763 differentiam
596 4717 698 4764 altitudi-
730 4718 855 4779 prasertim
867 4734 920 4780 quae
930 4719 1014 4765 clariss.
1024 4720 1066 4765 riri
1084 4720 1194 4767 Halleius
1206 4721 1279 4767 Num.
1294 4723 1348 4765 226·

82 4794 134 4826 num
147 4783 166 4829 C
180 4785 210 4838 A,
234 4784 254 4829 C
268 4784 298 4838 B,
315 4794 445 4841 exponatur
460 4781 576 4843 quantitas
591 4781 659 4828 eatita
675 4781 700 4826 in
730 4783 848 4830 Trattsact.
863 4791 886 4829 et
900 4783 1008 4830 Cas-sinus
1020 4783 1044 4829 in
1057 4783 1125 4831 Mon.
1142 4784 1213 4832 Paris.
1228 4799 1265 4830 an.
1283 4789 1349 4830 lii‘l.

78 4846 133 4893 mvi
142 4856 196 4894 satta
208 4846 328 4908 profundo
340 4847 435 4894 Terram
447 4855 518 4892 totam
530 4845 644 4907 tingente,
661 4861 701 4893 ex·
733 4851 799 4895 1713.
813 4847 896 4908 scripta
907 4847 1055 4910 reliquerunt.

691 4932 730 4980 13
