3330 5692
192 573 255 639 Car.
268 573 351 653 ΙΙΙ.)
555 575 622 641 ΑΙ)
645 573 868 641 TERTIUM
890 566 1089 640 LIBRUM.
1382 597 1467 640 xxxv

187 762 268 812 rectae
292 749 376 814 Solis
399 752 494 813 etiam
514 750 711 836 aeqnabiliter
725 750 970 838 progrederetur
983 751 1016 813 in
1031 763 1190 836 aequatore
1205 752 1244 815 ab
1259 753 1422 816 occidente
1436 752 1468 814 in

184 855 337 933 orientem,
353 854 423 920 dies
441 856 565 921 Solares
580 880 635 921 seu
650 858 859 923 revolutiones
871 857 1003 947 singulas
1013 859 1122 944 puncti
1134 859 1167 923 D
1180 883 1198 922 a
1210 859 1326 923 circulo
1340 860 1470 925 horario

184 963 211 1028 Τ
223 963 247 1028 Ζ
266 963 310 1027 ad
333 961 481 1040 eundem,
506 976 611 1028 essent
625 965 761 1051 aequales
777 977 809 1028 et
823 978 946 1050 tempus
963 987 1116 1050 apparens
1132 989 1150 1028 a
1166 965 1270 1029 medio
1285 989 1349 1029 non
1364 968 1471 1031 differ·

184 1084 230 1134 ret.
277 1069 344 1135 Sed
368 1067 441 1134 crim
462 1082 568 1134 motus
590 1072 780 1135 ascensionis
802 1084 897 1135 rectae
911 1071 956 1149 D,
973 1072 1168 1159 inaequabilis
1184 1073 1233 1149 sit,
1256 1072 1323 1136 dies
1338 1085 1370 1136 et
1383 1073 1471 1137 horae

183 1179 304 1244 Solaree
321 1190 398 1242 sunt
412 1179 538 1265 quoque
554 1180 734 1264 inaequales.
770 1180 815 1244 At
828 1191 980 1265 punctum
998 1179 1046 1256 M,
1063 1180 1257 1265 aequabiliter
1271 1181 1472 1268 progreditur

182 1310 209 1351 m
221 1299 384 1375 aequatore
406 1287 446 1350 ab
467 1308 582 1351 occasu
597 1287 638 1351 ad
653 1300 767 1363 ortum,
784 1299 817 1350 et
830 1285 902 1350 ideo
916 1300 1020 1350 motus
1034 1286 1117 1350 illius
1133 1287 1281 1350 constitui
1296 1296 1473 1372 potes't'pro

181 1394 320 1459 mensurii
341 1394 494 1479 temporis
512 1393 617 1458 medii.
665 1394 777 1480 Itaque
792 1392 958 1482 longitudo
975 1394 1056 1459 Solis
1071 1393 1174 1457 media
1190 1406 1221 1453 ‘t’
1252 1393 1327 1458 svel
1342 1394 1473 1479 aequalis

182 1518 222 1570 rst
245 1507 425 1571 ascensioni
447 1519 544 1570 rectae
565 1518 596 1565 ‘t’
622 1506 655 1570 D
676 1505 725 1569 vel
746 1504 782 1570 eri
805 1507 905 1590 major
928 1517 975 1568 est
997 1516 1052 1568 ant
1065 1504 1179 1567 minor.
1224 1503 1263 1567 ln
1277 1503 1384 1589 primo
1399 1525 1473 1567 casn

181 1627 328 1698 punctum
344 1614 387 1679 M
401 1614 551 1680 coincidit
565 1638 636 1679 curn
650 1626 769 1700 puncto
783 1614 828 1691 D,
845 1615 880 1677 in
895 1612 1123 1678 secundocasu
1138 1625 1185 1677 est
1198 1611 1281 1678 ultrei
1296 1614 1353 1690 D‚'
1364 1611 1473 1676 versirs

181 1724 328 1787 martem
351 1735 385 1787 et
406 1723 440 1785 in
462 1723 556 1787 tertio
577 1744 652 1787 casu
674 1734 723 1787 est
744 1720 822 1786 citri
844 1722 888 1798 D,
915 1718 1023 1785 versris
1052 1721 1257 1785 occidentem.
1287 1720 1473 1805 :Temporis

184 1828 314 1893 absoluti
332 1840 532 1893 momentum
553 1852 617 1916 quo
637 1841 791 1915 punctum
807 1828 857 1904 M,
874 1827 1022 1892 coincidit
1043 1848 1115 1890 cum
1136 1839 1255 1912 puncto
1271 1827 1314 1903 D,
1333 1839 1474 1891 sumatur

183 1947 328 2020 tanquam
346 1934 539 2020 principium
554 1958 574 1998 a
589 1956 652 2021 quo
668 1947 794 2020 tempus
814 1956 968 2019 apparens
983 1946 1014 1997 et
1029 1947 1152 2017 tempus
1167 1932 1306 1996 medium
1321 1932 1475 2017 incipiunt

185 2045 355 2128 computari
369 2056 403 2108 et
417 2067 482 2131 quo
496 2045 589 2108 simul
604 2044 806 2120 coincidunt;
829 2044 907 2107 etin
922 2043 990 2106 aliis
1005 2044 1127 2107 casibus
1142 2056 1265 2128 tempus
1282 2065 1436 2129 apparens
1451 2066 1471 2106 a

186 2153 284 2219 medio
297 2154 424 2220 differet
436 2178 498 2241 pro
513 2157 684 2242 quantitate
699 2153 791 2219 arctis
808 2155 853 2218 M
869 2154 902 2218 D
917 2155 951 2216 in
966 2166 1089 2238 tempus
1104 2153 1205 2216 solare
1220 2153 1363 2216 conversi
1386 2153 1473 2237 (16);

184 2261 261 2326 Nam
275 2261 356 2327 dum
370 2276 526 2349 punctum
541 2264 585 2340 D,
602 2275 650 2327 est
665 2263 724 2327 snb
739 2261 913 2327 meridiano
935 2259 968 2324 T
983 2260 1020 2337 Z,
1043 2259 1121 2323 horsi
1151 2257 1203 2322 12¹
1225 2272 1427 2344 computatur
1441 2261 1474 2323 in

182 2369 245 2435 loco
263 2373 356 2456 cujus
378 2370 572 2435 meridianus
591 2382 639 2435 cst
661 2370 693 2435 T
715 2371 751 2446 Z,
773 2381 805 2434 et
821 2370 876 2433 ubi
897 2381 1050 2454 punctum
1075 2367 1114 2432 M
1134 2367 1229 2432 distat
1247 2392 1267 2432 a
1287 2380 1406 2454 puncto
1429 2369 1473 2445 D,

181 2501 265 2546 arcus
278 2480 319 2546 M
331 2481 379 2558 D,
394 2481 430 2544 in
443 2494 568 2566 tempus
582 2480 684 2545 solare
700 2502 878 2555 conversus,
895 2479 982 2543 dabit
993 2478 1200 2543 differentiam
1215 2480 1297 2543 inter
1311 2478 1475 2543 meridiem

181 2604 383 2677 apparentem
397 2603 430 2654 et
443 2590 607 2654 meridiem
621 2589 763 2653 medium
778 2588 831 2674 qui
847 2588 1000 2675 contingit
1015 2587 1142 2674 quandia
1156 2588 1366 2673 punctumssM
1381 2600 1429 2652 est
1443 2588 1476 2650 in

183 2701 355 2766 meridiano
372 2699 405 2764 T
420 2700 457 2765 Z.
742 2777 745 2782 ,
923 2683 929 2690 ’

220 2817 272 2873 46.
300 2807 416 2894 ltaque
441 2820 566 2894 tempus
589 2809 729 2872 medinm
752 2809 784 2871 in
811 2829 965 2893 apparens
991 2807 1036 2871 sic
1065 2809 1265 2872 convertitur.
1313 2807 1477 2882 Qnaeritnr

183 2917 346 3005 longitudo
369 2916 453 2982 Solis
474 2930 543 2980 tum
558 2917 672 2994 media,
695 2929 763 2980 turn
779 2939 853 2979 vera
867 2915 1002 2999 tempori
1016 2914 1090 2978 dato
1106 2914 1299 2998 respondens
1315 2913 1386 2998 (44)
1403 2912 1476 2976 indei

183 3026 298 3091 anon
312 3025 524 3115 longitudinis
538 3049 621 3090 verae
636 3027 778 3090 ascensio
789 3037 874 3089 recta
885 3025 966 3109 (14),
980 3024 1006 3088 si
1019 3023 1088 3087 hoec
1103 3025 1203 3108 major
1218 3036 1264 3088 est
1278 3024 1381 3089 medii
1395 3024 1477 3089 Solis

183 3133 390 3222 longitudine,
407 3133 583 3198 differentia
597 3134 630 3197 in
645 3145 769 3218 tempus
785 3132 886 3197 solare
908 3154 1058 3196 conversa
1072 3131 1265 3196 subtrahitur
1281 3155 1322 3195 ex
1336 3145 1478 3217 tempore

183 3240 282 3305 madio
307 3253 347 3305 nt
367 3240 425 3305 fiat
446 3262 612 3326 apparens,
635 3240 763 3305 additur
784 3241 811 3304 si
832 3241 935 3303 minor
955 3252 1012 3303 est.
1059 3241 1105 3304 At
1124 3253 1247 3325 tempus
1270 3264 1424 3326 apparens
1444 3243 1477 3304 in
1511 3248 1513 3251 ’

184 3348 318 3412 madium
341 3347 388 3413 itai
407 3360 557 3412 mutatur.
603 3347 745 3432 Tempus
760 3370 915 3433 apparens
933 3359 1081 3434 tanquam
1096 3348 1235 3412 medium
1251 3349 1476 3426 consideratur,

185 3469 213 3519 et
232 3455 405 3542 inquiritur
425 3476 487 3540 pro
508 3454 584 3519 dato
601 3470 744 3540 tempore
765 3454 932 3542 longitudo
949 3454 1031 3520 Solis
1045 3453 1112 3518 tinn
1127 3456 1240 3533 media,
1258 3471 1423 3533 tumvana,
1447 3473 1479 3520 et

185 3564 252 3628 inde
267 3565 392 3629 eruitur
404 3563 611 3652 longitudinis
627 3587 710 3627 verae
724 3565 866 3627 ascensio
880 3577 983 3639 recta;
1006 3564 1032 3626 si
1047 3563 1116 3627 haec
1126 3563 1262 3628 mediam
1280 3566 1361 3630 Solis
1377 3566 1478 3653 longi-

187 3675 322 3739 tudinem
343 3688 482 3760 superat,
505 3673 682 3738 differentia
704 3674 737 3736 in
759 3686 884 3758 tempus
907 3672 1007 3736 solare
1027 3695 1177 3737 conversa
1198 3674 1324 3737 additur
1343 3677 1479 3759 tempori

188 3781 346 3865 mpurenti
359 3791 397 3845 ut
410 3780 467 3844 fiat
480 3779 629 3844 medium.
663 3780 697 3844 si
712 3778 788 3842 vero
802 3778 1007 3867 longitudinis
1022 3802 1104 3842 verae
1119 3780 1259 3844 ascensio
1274 3795 1360 3844 recta
1376 3781 1479 3846 minor

188 3904 230 3954 est
245 3890 351 3956 medici
374 3891 457 3956 Solis
473 3889 683 3977 longitudine,
704 3888 881 3952 differentia
897 3888 930 3950 in
945 3903 1069 3973 tempus
1085 3889 1185 3953 solare
1201 3912 1353 3952 conversa
1367 3915 1386 3954 a
1401 3906 1479 3955 tem-

189 4020 258 4082 pore
276 4013 450 4086 apparente
473 3998 669 4063 subducitur.
715 3997 813 4074 Quod
833 3999 859 4062 si
880 3998 984 4061 media
1006 3998 1087 4064 Solis
1106 3997 1271 4086 longitudo
1289 4001 1418 4085 aequalis
1439 4002 1479 4065 sit
1581 4088 1584 4094 Ι

191 4112 356 4175 tsoensioni
371 4125 467 4173 rectae
480 4107 686 4197 longitudinis
701 4131 794 4186 verre,
818 4122 943 4194 tempus
958 4132 1111 4194 apparens
1126 4111 1271 4196 congruit
1286 4134 1357 4174 curn
1373 4112 1478 4175 medio

192 4218 328 4306 nullique
355 4231 428 4307 eget
453 4217 639 4302 aquatione.
687 4216 772 4280 Haec
798 4218 904 4280 omnia
925 4239 966 4280 ex
990 4216 1086 4281 modo
1112 4217 1202 4281 dictis
1226 4220 1294 4302 (46)
1316 4218 1479 4284 manifesta

194 4343 274 4406 mnt3
297 4330 324 4393 si
339 4330 425 4393 enim
439 4340 593 4412 punctum
609 4326 643 4392 D
659 4339 706 4390 est
720 4326 900 4389 orientalius
915 4340 1034 4411 puncto
1050 4326 1099 4402 M,
1115 4326 1176 4390 hoc
1192 4326 1282 4391 citiris
1297 4328 1337 4391 ad
1352 4328 1479 4391 ureridi-

134 4422 136 4437 Ι
196 4456 278 4498 anum
293 4437 326 4503 T
338 4436 375 4513 Z,
391 4435 536 4521 pervenit
551 4432 645 4520 quiam
660 4433 749 4510 illud,
766 4457 804 4498 ac
818 4434 953 4519 proinde
968 4433 1046 4497 hora
1064 4442 1115 4496 12⁸
1126 4436 1275 4520 temporis
1287 4435 1381 4498 medii
1394 4459 1479 4498 com-

198 4557 318 4621 putatur,
345 4541 420 4606 crim
446 4539 588 4604 nondirm
612 4552 659 4604 est
679 4539 826 4604 meridies
849 4542 1000 4626 temporis
1022 4543 1210 4625 apparentis,
1234 4556 1266 4605 ct
1287 4543 1478 4605 contrarium

199 4651 344 4737 matingit,
370 4650 397 4713 si
422 4662 577 4734 punctum
602 4648 636 4714 D
662 4660 783 4733 puncto
806 4647 846 4711 M
868 4647 963 4710 fuerit
985 4647 1216 4712 occidentalius.
1264 4649 1330 4713 Ubi
1356 4664 1479 4733 tempus

202 4776 336 4840 apparens
352 4761 384 4822 in
402 4757 545 4822 medium
560 4769 687 4841 oportet
702 4759 852 4831 converti,
869 4768 1010 4841 tempore
1021 4772 1190 4841 apparente
1201 4759 1316 4822 utimur
1330 4774 1478 4845 tanquam

805 4871 825 4917 C
843 4877 858 4916 2
