3330 5692
355 535 546 604 snuxus
570 541 631 604 nc
655 502 911 608 narnuxus
935 542 1094 609 Mams
1305 555 1367 612 249

76 705 182 771 motus
195 707 357 795 vertiginis
379 721 411 772 et
431 709 583 794 periodici
606 723 716 775 aestum
730 713 824 776 maris
839 713 995 798 proficisci
1011 728 1057 780 est
1072 717 1249 794 arbitratus,
1272 717 1366 804 quim

74 841 117 882 ex
139 831 226 883 motu
241 842 428 906 quocunque
449 823 649 909 progressivo
664 824 729 887 sive
747 823 908 887 rectilineo
923 826 987 890 sive
1002 825 1182 904 curvilineo‚
1204 828 1232 890 si
1253 827 1366 892 iseum

72 940 162 990 motu
177 928 326 991 rotatorio
342 929 546 993 combinetur.

116 1039 139 1115 ᾗ.
155 1042 186 1096 4.
210 1033 400 1120 Quanquaim
415 1049 519 1099 autem
534 1049 637 1099 motus
653 1036 764 1100 Terrae
778 1036 956 1120 periodicas
971 1037 1053 1100 circa
1069 1035 1175 1100 Solem
1191 1059 1262 1100 cum
1275 1053 1363 1104 motu

69 1142 223 1206 rotatorio
238 1144 321 1207 circa
335 1167 427 1208 axem
442 1147 626 1230 conjunctus
642 1145 763 1208 nullum
778 1146 811 1208 in
826 1147 904 1208 mari
919 1160 1039 1210 motum
1054 1146 1249 1230 reciprocum
1266 1171 1362 1237 gene-

67 1271 140 1312 rare
160 1248 252 1328 valet,
276 1263 380 1314 tamen
400 1273 496 1329 mare,
520 1252 606 1338 quod
627 1253 654 1316 si
675 1264 778 1315 motus
800 1265 881 1315 esset
901 1252 1062 1338 aequebilis
1084 1254 1117 1316 in
1139 1253 1304 1334 directum,
1328 1258 1360 1322 in

67 1360 173 1443 quiete
195 1360 384 1443 persisteret,
408 1357 603 1446 aliquantrim
625 1360 744 1424 turbari
765 1359 900 1423 debebit.
946 1358 1043 1434 Quod
1065 1361 1091 1422 si
1113 1373 1217 1423 autem
1236 1361 1276 1426 ad
1296 1364 1378 1426 vim·

65 1467 127 1552 qui
153 1466 257 1531 Terra
276 1467 310 1530 in
331 1466 432 1531 orbiti
456 1466 512 1531 sual
536 1468 712 1530 continetur
726 1467 932 1544 attendamus,
955 1489 1019 1530 non
1035 1467 1199 1531 difficulter
1213 1471 1358 1535 mutatio-

63 1598 148 1654 nem,
172 1598 267 1661 quam
289 1598 374 1639 mare
393 1575 434 1639 ab
449 1599 486 1640 ea
504 1577 649 1660 patietur,
672 1577 818 1665 colligere
837 1577 1018 1661 poterimus.
1064 1575 1149 1641 Nam
1163 1574 1235 1641 crim
1249 1594 1353 1666 partes

65 1685 178 1750 Terras
201 1710 219 1750 a
244 1686 317 1752 Sole
339 1686 521 1750 remotiores
543 1688 658 1749 minori
679 1687 720 1764 vi,
743 1688 905 1771 propiores
920 1685 995 1751 verb
1009 1689 1119 1772 majori
1141 1689 1354 1768 sollicitentur,

63 1795 127 1858 illae
142 1796 182 1858 ad
198 1798 298 1881 majus
313 1808 436 1879 tempus
451 1795 656 1880 periodicum‚
673 1794 723 1858 hae
742 1794 816 1859 verb
830 1796 871 1861 ad
885 1798 988 1861 minus
1003 1797 1227 1862 absolvendum
1242 1823 1356 1888 cogen-

61 1918 124 1981 tur,
149 1926 190 1967 ex
213 1926 276 1989 quo
297 1903 438 1987 partibus
460 1903 572 1966 Terrae
593 1903 706 1979 fluidis,
732 1917 766 1966 ut
780 1903 854 1987 pote
868 1904 1045 1982 mobilibus,
1061 1918 1165 1969 motus
1180 1907 1221 1970 ab
1236 1908 1356 1972 oriente

58 2009 171 2076 vereris
192 2012 387 2076 occidentem
409 2010 581 2078 secundum
597 2014 771 2098 eclipticam
793 2015 968 2094 inducetur,
991 2015 1133 2104 hancque
1156 2040 1261 2083 veram
1288 2042 1355 2085 esse

60 2142 190 2184 causam
211 2121 357 2183 existimo
378 2144 415 2183 ac
436 2121 628 2205 praecipuam
643 2143 700 2185 cur
717 2135 780 2186 tam
796 2145 930 2187 oceanus
946 2120 1040 2210 quim
1055 2127 1108 2188 a'e'r
1124 2124 1183 2188 sub
1198 2141 1355 2212 aequatore

57 2232 214 2318 perpetub
236 2233 350 2298 habeat
371 2235 493 2298 fluxum
515 2235 556 2299 ab
576 2247 648 2299 ortu
667 2232 776 2299 versrls
791 2257 946 2299 occasum.
993 2235 1123 2299 Possem
1138 2236 1231 2298 etiam
1246 2259 1286 2300 ex
1301 2260 1354 2301 eo-

58 2343 132 2407 dem
147 2344 304 2428 principio
318 2343 402 2407 clare
417 2344 582 2408 ostendere
596 2357 662 2408 tam
675 2344 781 2420 maris,
805 2344 832 2406 si
854 2340 983 2407 omninb
998 2343 1131 2406 liberum
1147 2357 1236 2421 esset,
1260 2343 1352 2431 quim

59 2454 143 2517 ae'ris
172 2453 361 2518 celeritatem
391 2465 509 2518 tantam
538 2454 615 2530 fore,
653 2454 714 2539 qud
743 2467 883 2538 tempore
912 2455 1173 2541 viginti-quatuor
1202 2454 1352 2520 horarum

59 2561 198 2646 spatium
221 2561 343 2625 circiter
364 2562 475 2649 viginti
496 2562 652 2649 graduum
674 2561 871 2638 absolvatur3
895 2562 950 2625 sed
965 2560 1037 2625 clun
1053 2562 1123 2624 haec
1138 2563 1297 2648 inquisitio
1312 2564 1353 2628 ad

56 2679 246 2754 praesentem
270 2670 475 2754 quaestionem
501 2669 628 2754 proprie
650 2692 715 2732 non
742 2670 905 2753 pertineat,
927 2682 1020 2762 atque
1044 2667 1160 2754 inclyta
1182 2669 1353 2736 Academia

56 2779 190 2844 fortasse
211 2779 271 2843 aliti
295 2783 457 2846 occasione
472 2783 659 2867 quaestiones
674 2778 738 2844 hirc
754 2793 927 2863 spectantes
943 2781 983 2842 sit
996 2779 1205 2863 prepositura,
1228 2778 1352 2844 uberio-
1412 2758 1415 2765 ¹

56 2909 124 2951 rem
147 2887 388 2972 explicationem
410 2888 502 2972 hujus
525 2889 655 2975 insignis
676 2887 877 2972 phaenomeni
898 2885 936 2950 eb
952 2908 1050 2970 usque
1067 2884 1270 2949 differendam
1286 2909 1352 2951 esse

55 3016 221 3058 censemus
230 3018 239 3070 ;
261 2995 324 3060 hoc
338 2995 464 3082 quidem
480 3008 620 3078 tempore
635 2992 756 3058 tantrlm
771 2993 924 3057 indicasse
940 2992 1087 3069 contenti,
1103 3006 1224 3055 motum
1240 2992 1352 3056 Terras

54 3101 251 3185 periodicum
266 3105 457 3188 conjunctim
472 3126 544 3166 cunr
559 3117 646 3166 motu
662 3103 775 3165 diurno
790 3102 869 3167 mari
883 3115 1004 3165 motum
1019 3100 1153 3186 aliquem
1169 3101 1347 3186 imprimere

54 3231 159 3293 posse,
177 3209 233 3273 sed
247 3213 428 3297 neutiquam
443 3225 563 3275 motum
577 3212 782 3296 reciprocum,
806 3212 853 3274 uti
868 3210 1010 3275 Galileus
1025 3224 1072 3275 est
1088 3211 1263 3275 arbitratus.
1354 3244 1358 3252 ·

98 3326 122 3401 i.
140 3329 172 3385 5.
197 3320 256 3385 Uti
279 3322 314 3384 in
336 3322 480 3385 omnibus
495 3318 623 3385 omninb
638 3321 862 3407 quaestionibus
884 3319 1021 3406 physicis
1036 3318 1136 3384 multi)
1152 3319 1272 3384 facilius
1289 3334 1346 3399 est,

52 3449 126 3513 quoe
148 3449 214 3491 non
238 3429 278 3492 sit
299 3450 392 3492 causa
413 3428 614 3513 phoenomeni
637 3428 809 3512 cujuspiam
831 3427 938 3504 oblati,
961 3424 1055 3513 quim
1077 3426 1218 3513 quaesit,
1242 3439 1347 3490 osten·

51 3533 150 3608 dere3
173 3533 217 3596 ita
231 3534 324 3597 etiam
339 3546 480 3618 proesens
494 3535 625 3621 quaestio
639 3533 782 3598 defluxu
796 3554 833 3596 ac
847 3533 971 3597 refluxu
985 3535 1080 3597 maris
1095 3547 1142 3597 est
1156 3545 1345 3616 comparata,

51 3653 177 3706 utnon
199 3640 364 3705 difficulter
386 3666 493 3706 causas
508 3641 587 3707 falsb
609 3643 780 3729 assignatas
802 3642 956 3725 possimus
978 3639 1129 3704 refellere.
1175 3640 1225 3704 Ac
1245 3637 1347 3722 primo

49 3752 179 3839 quidem
195 3766 268 3837 post
283 3776 422 3817 eversam
438 3754 552 3819 Galilei
568 3749 762 3831 sentehtiam,
775 3753 941 3838 explicatio
952 3751 1046 3817 aestirs
1057 3752 1151 3816 maris
1164 3751 1345 3816 Cartesiana

46 3865 208 3947 pressioni
230 3865 333 3929 Lunoe
359 3866 468 3929 innixa
493 3878 540 3929 tot
566 3867 721 3952 tantisque
745 3865 868 3929 laborat
892 3864 1135 3940 difficultatibus,
1160 3875 1196 3927 ut
1219 3861 1346 3926 omninb

44 3971 223 4036 subsistere
242 3985 386 4059 nequeat.
433 3972 647 4060 Praeterquirm
669 3976 752 4038 enirn
775 3973 861 4060 qubd
882 3973 1058 4037 istiusmodi
1079 3973 1200 4055 pressio
1220 3971 1346 4036 aliunde

40 4081 180 4162 probari
194 4095 339 4167 nequeat,
360 4096 454 4168 atque
468 4083 510 4146 ad
524 4083 585 4146 hoc
600 4083 701 4147 solum
723 4083 955 4167 phaenomenon
971 4082 1193 4166 explicandum
1207 4079 1345 4169 gratuiti)

42 4203 240 4267 assumaou,
264 4191 532 4257 observationibus
555 4194 647 4257 etiam
669 4190 796 4256 minimi
820 4192 976 4257 satisfacit.
1022 4193 1061 4256 In
1081 4204 1190 4277 aperto
1209 4192 1292 4257 enim
1307 4213 1344 4255 ac
1381 4208 1383 4212 “

44 4293 152 4361 libero
173 4320 293 4362 oceano
314 4321 428 4383 aquam
443 4322 518 4363 mox
540 4317 612 4385 post
627 4300 790 4364 transitum
813 4299 915 4363 Lunoe
935 4322 994 4384 per
1008 4299 1215 4363 meridianum
1230 4299 1343 4364 elevari

43 4403 262 4484 observamus,
285 4408 358 4472 culm
381 4407 553 4473 secundirm
570 4408 704 4473 Cartesii
725 4410 910 4472 sententiam
927 4408 1037 4472 eodem
1052 4421 1194 4492 tempore
1209 4407 1343 4492 deprimi

47 4509 178 4578 deberet
189 4539 198 4591 ;
223 4538 325 4601 neque
346 4513 499 4600 prastered
520 4515 581 4578 hoc
603 4515 698 4579 modo
713 4516 786 4579 satis
801 4514 946 4578 distincte
961 4514 1145 4598 explicatur,
1169 4535 1225 4578 cur
1247 4513 1341 4577 Luna

47 4621 110 4684 suh
123 4625 225 4690 Terrai
247 4627 346 4690 latens
361 4627 496 4691 eundern
512 4626 576 4690 sere
590 4625 735 4689 effectum
750 4638 867 4700 exerat,
890 4623 966 4688 acsi
987 4645 1080 4707 super
1093 4621 1257 4687 horizonte
1272 4643 1342 4685 ver-

49 4745 144 4799 betur.
190 4735 318 4800 Deinde
339 4735 401 4799 hoc
423 4735 505 4798 idem
528 4734 689 4821 negotium
709 4755 774 4796 non
794 4731 924 4796 feliciori
947 4754 1090 4795 successu
1112 4742 1341 4818 aggressusest

50 4834 228 4921 wallisius,
245 4867 369 4909 eausam
385 4846 415 4908 in
429 4844 587 4908 communi
602 4856 709 4907 centro
724 4841 885 4927 gravitatis
899 4840 1012 4904 Terroe
1026 4852 1056 4904 et
1074 4839 1173 4902 Lunae
1185 4858 1338 4923 quaerens,
