3330 5692
634 1159 1025 1242 MONITUM.

187 1427 463 1527 Pnnvcrrronurr
494 1462 833 1530 Marusumrrconurr
860 1467 975 1532 Libros
1003 1483 1066 1533 tres
1091 1471 1220 1535 totidem
1247 1471 1469 1536 Voluminibus

188 1577 351 1661 complecti
365 1577 601 1656 meditabamur,
625 1583 720 1667 idque
736 1585 803 1665 jam
818 1587 851 1642 in
865 1587 961 1646 alteri
976 1581 1079 1666 operis
1093 1581 1193 1645 nostri
1205 1590 1295 1666 perte
1309 1577 1467 1643 fueramus

187 1683 325 1769 polliciti.
372 1684 438 1748 Cur
452 1685 577 1748 tertium
595 1685 738 1749 Newtoni
755 1687 887 1750 Librum
901 1687 934 1749 in
949 1684 1025 1750 duas
1040 1687 1214 1750 dividamus
1227 1696 1331 1771 partes
1346 1683 1467 1748 datam·

185 1815 246 1878 que
268 1793 363 1855 fidem
383 1815 447 1856 non
466 1794 641 1872 liberemus,
661 1797 695 1859 in
719 1795 810 1859 causd
833 1808 905 1860 sunt
925 1794 1076 1881 praeclara
1098 1796 1137 1860 de
1162 1796 1266 1859 Fluxu
1282 1806 1314 1858 et
1331 1795 1468 1861 Refluxu

186 1899 289 1964 Maris
305 1899 412 1983 Opera
427 1922 498 1985 quae
515 1923 598 1964 anno
616 1909 708 1970 1740.
725 1901 956 1967 aceleberrimfi
974 1902 1141 1967 Parisiensi
1150 1902 1320 1966 Academici
1335 1905 1467 1987 proemio

183 2005 270 2070 fuere
285 2007 498 2072 condecorata.
537 2008 603 2072 Tot
616 2021 648 2073 et
659 2021 723 2073 tam
738 2009 852 2073 eximia
867 2009 900 2073 in
914 2008 999 2073 hisce
1014 2009 1159 2094 operibus
1175 2009 1382 2085 continentur,
1396 2031 1468 2095 quae

183 2135 250 2178 non
263 2113 305 2178 ad
319 2113 440 2178 fluxum
454 2115 669 2202 refluxumque
680 2116 774 2178 maris
785 2115 946 2192 duntaxat,
959 2114 1118 2179 sedetiam
1130 2114 1171 2179 ad
1181 2115 1341 2203 generales
1353 2127 1468 2180 attrac-

182 2227 276 2291 tionis
304 2226 389 2313 leges
412 2228 650 2314 universamque
678 2228 899 2291 astronomiam
924 2226 1110 2304 refenmtur,
1139 2239 1175 2291 ut
1197 2226 1314 2290 clariss.
1338 2227 1397 2290 Vir
1421 2227 1466 2293 D.
1545 2246 1548 2250 ’

183 2339 209 2401 J.
225 2337 265 2401 L.
283 2336 489 2402 Calendrinus
504 2340 590 2423 cujus
606 2339 734 2402 consilia
754 2339 892 2423 impense
908 2359 1103 2414 veneramur,
1124 2359 1182 2400 nos
1196 2317 1312 2421 optime
1329 2334 1467 2401 facturos

177 2443 372 2528 judicaverit,
384 2446 410 2509 si
418 2446 569 2531 praedicta
581 2446 743 2532 Opuscula
756 2448 793 2510 iis
808 2447 1048 2534 adjungeremus
1059 2445 1328 2530 Propositionibus
1338 2468 1416 2531 quas
1427 2445 1468 2511 de

181 2552 269 2616 fluxu
285 2565 317 2617 et
330 2554 452 2617 refluxu
467 2555 562 2619 maris
576 2555 672 2620 habet
687 2556 877 2632 Newtonus;
900 2554 984 2641 quod
998 2555 1125 2639 quidem
1140 2553 1302 2618 commode
1318 2555 1387 2619 fieri
1401 2577 1468 2619 non

180 2673 313 2746 poterat,
336 2664 396 2726 nisi
418 2664 544 2727 tertium
560 2665 692 2728 Librum
707 2665 740 2726 in
755 2665 832 2729 duas
846 2677 950 2751 partes
965 2664 1182 2727 divideremus.
1229 2662 1382 2738 Quamvis
1397 2685 1469 2726 earn

181 2767 325 2856 religiose
341 2792 499 2833 servemus
514 2770 625 2859 legem,
642 2773 709 2836 sine
724 2771 784 2857 qud
802 2771 951 2835 honestus
966 2771 1099 2854 scriptor
1112 2791 1206 2833 nemo
1220 2790 1288 2833 esse
1303 2780 1415 2852 potest,
1432 2781 1469 2833 ut

182 2876 298 2940 scilicet
311 2877 389 2940 nihil
403 2878 524 2965 insigne
541 2901 580 2942 ex
596 2879 700 2966 aliquo
715 2892 822 2943 autore
836 2880 869 2942 in
884 2902 976 2943 usum
990 2891 1132 2942 nostrum
1147 2890 1374 2956 convertamus,
1391 2879 1468 2963 quin

181 2984 211 3046 ei
232 2983 318 3069 quod
339 3007 430 3047 suum
452 2997 508 3062 est,
532 2984 609 3049 dum
630 2985 717 3049 locus
739 2987 884 3063 occurrit,
900 2986 1065 3062 tribuatur,
1082 2984 1248 3069 specialem
1263 2981 1469 3048 nihilominvis

180 3093 263 3178 grati
284 3092 379 3155 animi
401 3094 659 3180 significationem
679 3092 820 3178 profiteri
842 3093 985 3157 volumus
1007 3091 1184 3154 clarissimis
1206 3092 1356 3176 omnique
1375 3091 1469 3154 laude

180 3197 287 3261 nostri
310 3198 477 3283 majoribus
502 3199 575 3260 viris
597 3198 676 3264 DD.
695 3197 827 3273 Cassini,
843 3198 883 3260 de
899 3196 1036 3273 Mairan,
1053 3195 1092 3258 de
1108 3193 1317 3280 Maupertuis,
1334 3218 1468 3281 quorum

179 3304 338 3390 praeclaris
358 3304 491 3367 inventis
505 3302 677 3389 plurimdm
691 3302 806 3366 debent
816 3302 885 3366 haec
899 3313 1007 3366 nostre
1022 3301 1264 3365 Commentario.
1307 3301 1370 3366 Sed
1381 3315 1469 3369 tanta

181 3411 303 3475 suntin
317 3409 497 3473 universum
517 3409 616 3473 hocce
635 3422 777 3472 nostrum
794 3407 884 3493 Opus
905 3406 1091 3495 praelaudati
1108 3405 1225 3471 clariss.
1241 3408 1285 3474 D.
1301 3407 1332 3472 J.
1348 3408 1468 3481 L,'Ca-

179 3519 315 3583 landrini
335 3517 496 3595 beneficia,
519 3531 556 3583 ut
576 3517 650 3583 huic
671 3517 850 3582 doctissimo
873 3519 940 3581 viro
960 3540 1051 3603 pares
1072 3517 1191 3581 meritis
1211 3518 1328 3605 gratias
1351 3498 1467 3582 referre

180 3651 244 3692 non
259 3631 424 3713 possimus.

223 3734 294 3799 Jam
309 3735 367 3798 sub
392 3735 492 3820 praelo
508 3747 555 3799 est
569 3734 667 3798 altera
680 3746 713 3797 et
726 3732 838 3797 ultime
853 3733 1157 3798 Commentariorum
1170 3744 1352 3797 nostrorum
1368 3734 1465 3811 Pars3

183 3841 256 3927 quic
276 3840 350 3904 verb
371 3841 475 3905 nullus
491 3855 538 3904 est
553 3853 617 3905 tam
632 3839 797 3904 mediocris
812 3839 939 3927 ingenii,
963 3861 1056 3925 quem
1071 3862 1145 3903 usus
1161 3853 1192 3904 et
1206 3840 1385 3904 exercitatio
1399 3862 1465 3904 non

180 3950 339 4027 edoceant,
362 3951 436 4015 hinc
459 3951 574 4016 factum
589 3963 637 4015 est
650 3962 686 4014 ut
701 3949 805 4034 aliqua
820 3949 911 4014 nobis
933 3953 966 4014 in
986 3962 1122 4013 mentem
1136 3949 1279 4013 venerint
1293 3971 1363 4035 quae
1377 3949 1465 4015 brevi

180 4058 309 4122 collecta
333 4061 506 4144 appendice
528 4059 621 4124 simul
642 4079 715 4122 cum
737 4054 855 4141 reliqui
878 4059 960 4122 tertii
983 4057 1074 4122 Libri
1094 4069 1183 4144 parte
1200 4055 1277 4141 justi
1298 4056 1463 4120 voluminis

181 4165 295 4230 molem
310 4180 507 4252 component

1015 4421 1109 4467 Datum
1121 4421 1203 4466 nom

863 4506 890 4552 is
902 4503 974 4554 Μ’.
988 4505 1042 4553 SS‘·
1059 4504 1180 4551 Moero
1189 4518 1252 4551 uano
1265 4506 1333 4550 17⁴2

739 4609 779 4656 A}
