3300 5678
175 581 242 638 198-
475 566 818 640 PHILOSOPHIAE
840 565 1118 637 NATURALIS
1157 568 1240 649 [De
1255 567 1388 633 Μυκη.
1401 569 1481 633 Srsr.

176 747 270 816 1573,
286 760 393 802 mense
407 738 558 802 Januario
571 737 674 801 minor
685 750 753 803 erat
763 738 883 802 Joveet
892 740 990 824 major
1003 739 1098 817 Sirio,
1109 741 1169 802 cui
1185 741 1224 802 in
1239 740 1311 803 fine
1328 739 1479 803 Februarii

172 859 206 912 et
226 847 337 911 Martii
360 844 449 910 initio
469 847 566 910 evasit
589 847 727 932 aequalis.
773 847 886 912 Mense
910 847 1012 932 Aprili
1031 865 1064 910 et
1087 847 1190 911 Maio
1215 847 1323 912 stellis
1345 847 1478 911 secunde

172 954 405 1042 magnitudinis,
421 954 528 1031 Junio,
544 954 630 1018 Julio
644 965 677 1018 et
688 956 833 1042 Augusto
847 955 943 1019 stellis
957 956 1057 1018 tertiae
1073 956 1334 1043 magnitudinis,
1350 957 1474 1042 Septem

173 1062 234 1138 bri,
258 1059 391 1126 Octobri
411 1073 443 1124 et
465 1061 638 1126 Novembri
660 1061 755 1125 stellis
777 1074 907 1147 quartae,
930 1061 1103 1126 Decembri
1118 1075 1157 1126 et
1173 1064 1257 1126 anni
1282 1071 1372 1132 1⁵74
1386 1088 1474 1128 mense

174 1169 325 1233 Januario
346 1168 443 1232 stellis
466 1169 593 1254 quintae,
616 1180 648 1231 et
668 1191 775 1233 mense
802 1167 974 1232 Februario
1003 1168 1100 1233 stellis
1123 1181 1233 1235 sextae
1257 1172 1471 1258 magnitudinis

175 1278 302 1364 aequalis
325 1278 498 1354 videbatur,
523 1289 555 1341 et
579 1300 685 1342 mense
712 1278 832 1343 Martio
854 1301 895 1342 ex
920 1279 1018 1343 oculis
1041 1282 1187 1344 evanuit.
1244 1282 1353 1346 Color
1378 1283 1420 1346 illi
1439 1284 1470 1347 ab

175 1387 265 1450 initio
286 1386 396 1462 clams‚
419 1385 556 1450 albicans
578 1408 615 1449 ac
635 1385 826 1470 splendidus,
849 1399 958 1471 postea
977 1388 1085 1466 flavus,
1109 1402 1145 1453 et
1167 1391 1252 1454 anni
1280 1400 1368 1462 1573
1383 1416 1470 1458 menae

178 1493 297 1558 Martio
311 1493 442 1557 rutilans
457 1492 555 1555 instar
571 1492 686 1557 Martis
701 1505 755 1557 aut
770 1493 869 1558 stellae
884 1493 1077 1573 Aldebaran,
1101 1496 1202 1561 Maio
1217 1514 1336 1563 autem
1351 1501 1471 1566 altimdi·

176 1622 250 1664 nem
275 1599 458 1664 sublividam
481 1599 614 1677 induxit,
641 1599 765 1686 qualem
788 1600 821 1663 in
849 1601 985 1666 Saturno
1010 1603 1184 1682 cernimus,
1218 1629 1326 1691 quern
1352 1608 1472 1670 colocen

177 1731 276 1795 usque
297 1708 331 1771 in
345 1707 442 1771 finem
464 1708 605 1785 servavit,
629 1729 751 1793 semper
765 1720 871 1778 tamen
885 1709 1046 1774 obscurior
1061 1711 1154 1776 factu.
1204 1713 1307 1778 Talis
1322 1716 1413 1778 etiam
1425 1715 1472 1778 tuit

177 1820 266 1884 stella
287 1821 320 1883 in
334 1820 447 1883 dextro
468 1820 548 1903 pede
565 1821 766 1904 Serpentarii,
783 1842 877 1906 quam
893 1820 1024 1905 Kepleri
1037 1820 1189 1905 discipuli
1204 1845 1303 1887 anno
1320 1833 1413 1902 1604,
1431 1824 1471 1887 die

178 1939 220 1995 30
243 1931 434 2015 Septembris
456 1943 494 1994 st.
510 1943 569 1994 vet.
586 1953 738 2014 apparere
752 1932 884 2015 coepisse
898 1930 1113 2007 observarunt,
1139 1943 1175 1995 et
1196 1920 1278 1997 luce
1294 1933 1354 1996 suri
1370 1933 1472 1997 stellam

177 2039 264 2103 Jovis
280 2061 451 2124 superasse,
475 2037 547 2102 edm
561 2052 653 2102 nocte
667 2039 865 2123 praecedente
879 2037 1006 2103 minime
1021 2040 1237 2124 appanrisset.
1290 2044 1349 2108 Ab
1363 2066 1402 2108 eo
1412 2047 1472 2108 verb

178 2161 320 2232 tempore
333 2146 484 2231 paulatim
499 2146 646 2222 decrevit,
663 2159 695 2210 et
709 2148 811 2231 spatio
825 2148 978 2211 mensium
993 2148 1179 2233 quindecim
1195 2149 1252 2214 vel
1270 2150 1431 2216 sexdecim
1441 2172 1472 2213 a

178 2254 276 2318 oculis
298 2254 432 2317 evanuit.
485 2252 559 2317 Tali
581 2253 674 2316 etiam
696 2253 784 2317 stella
806 2253 887 2317 novit
909 2253 1158 2339 supramodum
1181 2255 1384 2340 splendente
1405 2258 1473 2341 Hrp·

177 2361 314 2446 parchus
336 2360 376 2424 ad
399 2360 480 2424 fixas
501 2360 712 2425 observandas
727 2373 759 2425 et
780 2362 813 2425 in
829 2361 1005 2449 catalogum
1019 2361 1205 2426 referendas
1220 2365 1387 2431 excitams
1398 2365 1474 2430 fuine

179 2471 302 2536 dicitur.
349 2471 413 2538 Sed
428 2471 511 2549 fixae,
529 2495 600 2557 quae
614 2493 671 2556 per
685 2471 769 2535 vices
784 2485 936 2555 apparent
949 2483 981 2535 et
995 2483 1201 2550 evanescunt,
1224 2496 1373 2561 quaeque
1386 2475 1473 2562 paulu-

179 2583 237 2646 tim
252 2596 405 2660 crescunt,
429 2595 462 2648 et
481 2584 551 2648 luce
567 2582 623 2647 sud
638 2583 718 2646 fixas
733 2583 834 2646 tertiae
849 2580 1071 2669 magnitudinis
1086 2582 1141 2644 vix
1159 2605 1315 2670 unquam
1332 2600 1472 2671 superant,

179 2688 324 2754 videntur
346 2713 414 2754 esse
435 2691 558 2777 generis
580 2689 716 2766 alterius,
740 2701 772 2753 et
786 2688 978 2753 revolvendo
997 2700 1120 2772 partem
1143 2688 1300 2756 lucidam
1317 2706 1351 2758 et
1371 2707 1474 2780 param

180 2799 344 2865 obscuram
366 2824 424 2886 per
445 2802 528 2865 vices
549 2800 721 2864 ostendere.
782 2799 925 2883 Vapores
946 2812 1062 2875 autem,
1087 2798 1143 2883 qui
1168 2822 1214 2864 ex
1243 2802 1327 2867 Sole
1349 2819 1381 2867 et
1396 2803 1476 2867 stellis

180 2905 252 2968 fixis
268 2919 299 2970 et
314 2908 421 2970 caudis
437 2919 627 2971 cometarum
643 2908 797 2983 oriuntur,
814 2905 951 2969 incidere
965 2918 1096 2989 possunt
1110 2928 1173 2990 per
1189 2910 1389 2995 gravitatem
1403 2933 1475 2976 suan

181 3015 215 3077 in
237 3018 459 3101 atmosphaeras
482 3018 679 3101 planetarum
702 3029 733 3081 et
759 3018 803 3081 ibi
827 3017 1011 3080 condensari
1033 3030 1063 3080 et
1090 3022 1240 3085 converti
1269 3024 1304 3085 in
1330 3047 1435 3109 aquam
1453 3037 1476 3084 et

183 3122 310 3204 spiritus
325 3123 481 3200 humidos,
500 3136 531 3186 et
547 3124 678 3188 subinde
692 3146 750 3207 per
764 3124 883 3187 lentum
900 3123 1034 3186 calorem
1050 3125 1082 3185 in
1100 3125 1196 3203 saleS,
1223 3143 1257 3192 et
1275 3131 1432 3215 sulphura,
1452 3146 1475 3190 et

183 3228 352 3306 tincturas,
363 3242 394 3292 et
408 3230 527 3306 limum,
544 3248 575 3293 et
589 3231 699 3306 lutum,
717 3242 747 3294 et
762 3231 913 3318 argillam,
927 3244 958 3294 et
968 3252 1103 3308 arenam,
1118 3245 1151 3295 et
1168 3233 1312 3319 lapideS,
1327 3252 1358 3302 et
1369 3239 1475 3311 corallo,

184 3346 215 3401 et
230 3335 416 3403 substantias
431 3337 507 3402 alias
523 3350 684 3402 terrestres
700 3336 850 3421 paulatim
866 3338 1009 3425 migrare.

560 3607 811 3672 SCHOLIUM
836 3606 1104 3681 GENERALE,

231 3803 269 3890 (Υ)
294 3805 490 3889 Hypothesis
512 3805 666 3868 vorticum
687 3804 793 3867 multis
814 3804 966 3888 premitur
989 3801 1240 3869 difficultatibus.
1299 3810 1347 3873 Ut
1368 3810 1474 3893 planen

188 3915 401 4000 unusquisque
423 3915 511 3978 radio
532 3915 572 3978 ad
601 3915 704 3979 Solem
732 3914 827 3977 ducto
851 3936 938 3977 areas
960 3913 1115 3977 describat
1142 3921 1289 4000 tempori
1315 3918 1475 4005 proportio

187 4022 283 4098 naleS,
316 4034 455 4104 tempora
489 4020 648 4105 periodica
677 4021 813 4104 partium
843 4021 967 4083 vorticis
992 4019 1144 4083 deberent
1177 4045 1250 4088 esse
1277 4027 1311 4088 in
1335 4024 1475 4110 duplicati

188 4129 312 4192 ratione
342 4129 559 4193 distantiarum
590 4154 608 4191 a
640 4128 721 4192 Sole.
783 4128 831 4192 Ut
851 4127 1009 4211 periodica
1030 4127 1237 4211 planetarum
1258 4147 1401 4217 tempora
1428 4132 1477 4194 sint

187 4236 217 4296 in
242 4236 445 4320 proportione
467 4235 681 4321 sesquiplicatri
698 4235 912 4298 distantiarum
928 4258 947 4297 a
964 4234 1044 4310 Sole,
1069 4248 1220 4319 tempora
1235 4242 1398 4322 periodica
1417 4260 1478 4323 par·

187 4343 266 4404 tium
296 4344 420 4407 vorticis
446 4344 595 4408 deberent
624 4366 691 4406 csse
720 4343 753 4405 in
779 4342 994 4428 sesquiplicati
1019 4343 1247 4409 distantiarum
1276 4350 1475 4434 proportione

191 4449 237 4511 Ut
252 4451 383 4513 vortices
399 4452 534 4513 minores
550 4451 666 4514 circum
681 4451 860 4526 Saturnum,
873 4450 983 4513 Jovem
999 4460 1029 4511 et
1043 4449 1121 4512 alios
1137 4452 1289 4535 planetas
1305 4458 1405 4545 gyrati
1416 4477 1477 4518 con·

190 4567 351 4617 serventur
367 4568 397 4618 et
411 4555 576 4643 tranquin
591 4568 698 4619 natent
720 4555 752 4617 in
768 4556 883 4618 vortice
901 4553 991 4631 Solis,
1013 4567 1156 4638 tempore
1173 4560 1345 4640 periodica
1358 4563 1476 4646 partium

196 4660 320 4724 vorticis
336 4661 443 4725 solaris
459 4662 609 4727 deberent
622 4684 689 4726 esse
704 4661 844 4746 aequalia.
892 4661 1115 4725 Revolutiones
1133 4664 1221 4729 Solis
1238 4682 1272 4731 et
1295 4670 1475 4754 planetarum

193 4829 599 4956 „(;,lt·17}{y¹ffl¹1,lwissji⁰rmm'
636 4831 719 4894 (Prop.
739 4830 989 4879 L11.Lib.11.cum
1008 4830 1095 4879 Corou.
1116 4832 1200 4884 schol.
1221 4836 1296 4901 Prop
1313 4841 1371 4889 xl.
1388 4833 1479 4889 1311.
