3300 5678
183 621 247 683 288
434 614 702 692 INQUlSlTIO
726 614 932 680 PHYSICA
956 614 1004 679 IN
1029 612 1225 681 CAUSAM

185 792 362 876 conjunctio
384 791 448 854 sive
471 791 627 876 oppositio
649 791 848 855 luminarium
869 813 978 854 verum
999 789 1161 855 meridiem
1182 788 1233 853 vel
1254 788 1409 874 proeoedit
1427 789 1473 853 vel

185 901 332 986 sequitur,
349 898 511 983 duplicari,
529 900 720 986 totidemque
734 901 854 964 minuta
867 902 970 985 prima
980 901 1019 965 ad
1034 914 1157 984 tempus
1167 900 1308 965 medium
1319 912 1472 975 notatum,

185 1029 247 1093 quo
267 1007 371 1069 fluxus
394 1008 518 1071 evenire
539 1007 628 1085 solet,
651 1007 700 1070 vel
722 1007 796 1070 addi
817 1008 867 1071 vel
887 1009 927 1071 ab
943 1030 981 1072 eo
996 1007 1146 1084 subtrahi,
1163 1031 1227 1094 quo
1242 1029 1354 1073 verum
1369 1006 1472 1073 fluxim

81 1127 83 1130 ’
183 1128 376 1178 momentum
400 1114 587 1179 obtineatur.
645 1115 804 1191 Quoniam
834 1127 938 1179 autem
966 1098 1036 1180 haec
1065 1116 1218 1181 correctio
1243 1115 1357 1180 nititur
1386 1128 1470 1179 motu

184 1221 286 1287 Lunae
308 1221 423 1298 medio,
444 1223 644 1306 perspicuum
666 1238 713 1287 est
735 1247 803 1288 eam
825 1225 1018 1289 correctione
1039 1225 1179 1290 ulteriori
1201 1247 1283 1309 opus
1303 1223 1433 1302 habere,
1452 1248 1471 1287 a

182 1353 258 1393 vero
273 1329 375 1392 Lunae
391 1342 478 1393 motu
492 1330 599 1414 petita,
616 1354 687 1416 quae
698 1331 772 1396 verb
785 1331 970 1418 plerumque
981 1334 1041 1397 erit
1055 1333 1252 1411 insensibilis,
1265 1331 1342 1399 crim
1353 1355 1470 1397 summa

183 1463 272 1526 aquae
287 1441 417 1504 elevatio
431 1462 496 1503 non
511 1441 613 1505 subito
628 1442 718 1520 adsit,
735 1442 790 1506 sed
804 1465 862 1526 per
877 1456 1000 1526 tempus
1016 1443 1088 1507 satis
1103 1442 1242 1507 notabile
1257 1442 1364 1508 duret

223 1556 247 1631 t.
263 1559 316 1614 61.
340 1549 411 1612 Nisi
432 1563 536 1613 autem
558 1550 724 1614 luminaria
745 1552 891 1635 proxima
905 1552 967 1615 sint
982 1551 1032 1614 vel
1047 1550 1257 1634 conjunctioni
1272 1549 1326 1615 vel
1348 1548 1468 1633 opposi-

181 1657 269 1733 tioni,
286 1657 424 1719 maxima
437 1657 532 1719 maris
548 1657 679 1720 elevatio
693 1680 757 1720 non
779 1659 812 1721 in
834 1659 938 1742 ipsum
957 1658 1059 1722 Lunae
1072 1658 1237 1722 transitum
1251 1678 1313 1740 per
1327 1655 1468 1720 meridia·

181 1787 257 1828 num
282 1765 406 1828 incidet
454 1765 613 1840 Quoniam
639 1767 722 1830 enim
749 1763 842 1832 Luna
865 1769 941 1833 dum
964 1790 1064 1854 prope
1086 1768 1298 1832 meridianum
1320 1778 1465 1841 versatur,

179 1895 238 1957 per
259 1873 386 1958 aliquod
406 1885 529 1958 tempus
552 1874 684 1939 eandem
704 1876 899 1941 altitudinem
915 1891 1087 1956 conservat,
1107 1879 1260 1961 tantisper
1275 1878 1374 1942 etiam
1387 1897 1466 1940 marc

181 1981 313 2044 eandem
335 1981 538 2044 elevationem
561 1982 722 2059 retinebit3
746 1996 777 2046 et
798 1984 879 2047 hanc
895 1985 1018 2059 obrem
1033 1985 1059 2047 si
1079 1985 1132 2048 Sol
1147 1984 1267 2048 interea
1284 1983 1464 2048 sensibiliter

179 2088 229 2151 vel
251 2088 291 2150 ab
313 2087 474 2150 horizonte
496 2088 632 2165 recedat,
649 2088 696 2152 vel
714 2088 755 2152 ad
772 2090 906 2153 eundem
920 2090 1058 2167 accedat,
1081 2091 1127 2153 vis
1151 2089 1235 2155 Solis
1250 2089 1295 2153 ad
1310 2113 1396 2154 mare
1409 2090 1464 2154 ele·

179 2194 315 2257 vandum
337 2194 387 2257 vel
409 2209 528 2259 crescet
550 2196 745 2274 sensibiliter,
769 2197 818 2260 vel
837 2196 1011 2273 decrescet3
1034 2219 1074 2260 ex
1090 2197 1245 2283 quodum
1262 2198 1360 2263 Luna
1373 2220 1462 2284 prope

180 2301 391 2364 meridianum
413 2302 526 2379 existit,
551 2302 619 2365 fieri
641 2317 756 2386 potest,
780 2317 814 2368 ut
836 2317 940 2368 tamen
961 2328 1047 2368 mare
1062 2307 1232 2369 etiamnum
1247 2306 1400 2384 elevetur,
1421 2307 1463 2371 vel

179 2410 259 2475 adad
277 2413 347 2495 jam
370 2411 564 2495 deprimatur
587 2436 606 2474 a
623 2414 705 2476 Sole.
751 2414 803 2477 Ex
826 2415 875 2478 his
900 2415 995 2501 igitur
1018 2416 1218 2499 perspicuum
1244 2429 1295 2480 eat
1322 2439 1463 2483 summam

176 2523 271 2585 maris
286 2522 481 2586 altitudinem
496 2523 617 2586 tardivis
637 2546 691 2586 seu
706 2537 778 2607 post
792 2525 956 2587 transitum
978 2524 1080 2588 Lunae
1093 2547 1151 2608 per
1164 2525 1379 2590 meridianum
1393 2526 1463 2591 aoei-

177 2629 252 2693 dere
277 2629 401 2707 debere,
427 2631 453 2692 si
477 2653 516 2694 eo
539 2644 683 2714 tempore
709 2630 763 2695 Sol
788 2630 827 2694 ab
850 2629 1013 2696 horizonte
1036 2631 1172 2708 accedat,
1197 2632 1231 2696 id
1255 2633 1347 2718 quod
1371 2633 1462 2699 evcnit

176 2738 286 2802 diebus
315 2740 509 2803 novilunium
539 2753 570 2803 et
598 2740 804 2824 plenilunium
833 2739 1090 2823 precedentibus.
1159 2738 1283 2805 Contra
1313 2755 1416 2807 autem
1441 2740 1461 2805 si

178 2847 272 2912 Luna
292 2861 363 2932 post
387 2849 492 2912 Solem
515 2871 572 2932 per
594 2848 801 2912 meridianum
823 2859 969 2924 transeat,
993 2848 1087 2933 idque
1101 2848 1151 2911 vel
1173 2861 1246 2912 ante
1268 2849 1354 2914 Solis
1369 2863 1460 2914 oram

176 2957 226 3019 vel
248 2973 320 3020 ante
342 2980 506 3032 occasum3
530 2970 606 3032 tum,
630 2957 704 3042 quia
726 2978 811 3020 mare
833 2956 1012 3018 intransitu
1030 2955 1131 3018 Lunae
1152 2978 1211 3039 per
1225 2957 1459 3022 meridianum·

174 3065 207 3124 vi
231 3063 311 3127 Solis
335 3064 530 3148 deprimitur,
553 3064 722 3126 maximam
745 3062 855 3125 habuit
875 3063 1071 3126 altitudinem
1086 3078 1157 3128 ante
1173 3066 1347 3148 appulsum
1371 3066 1460 3131 Luna

177 3171 217 3234 ad
238 3174 455 3249 meridianum,
480 3173 513 3234 id
529 3172 615 3257 quod
637 3172 790 3258 contingit
805 3172 914 3235 diebus
933 3173 1128 3236 novilunium
1148 3174 1402 3258 pleniluniumve
1421 3197 1458 3238 se·

176 3283 351 3368 quentibus.
400 3281 538 3356 Quando
553 3295 657 3344 autem
675 3281 730 3345 Sol
746 3282 849 3365 ipsum
864 3281 1059 3345 horizontem
1073 3296 1215 3365 occupat,
1233 3282 1315 3346 dum
1332 3282 1457 3347 Lunain

175 3392 348 3455 meridiano
363 3405 512 3469 versatur,
537 3404 603 3454 tum
625 3391 746 3455 etiamsi
768 3391 915 3453 distantia
932 3391 1013 3455 Solis
1027 3391 1067 3455 ab
1081 3391 1245 3455 horizonte
1261 3414 1414 3478 perquam
1425 3389 1456 3453 sit

174 3506 339 3582 mutabilis,
363 3517 469 3567 tamen
491 3503 562 3568 crim
585 3504 765 3567 elevationis
787 3505 833 3566 vis
848 3503 1001 3588 quadrato
1023 3502 1108 3566 simis
1130 3502 1307 3567 altitudinis
1334 3501 1412 3569 Solis
1424 3499 1454 3562 sit

173 3613 423 3698 proportionalis,
441 3612 526 3698 quod
541 3613 670 3674 omnino
685 3612 849 3687 evanescit,
872 3611 965 3674 etiam
980 3610 1040 3673 hoc
1056 3632 1129 3674 casu
1144 3611 1286 3675 maxima
1301 3633 1392 3697 aquae
1404 3608 1454 3672 ele·

173 3724 256 3785 vatio
279 3724 311 3784 in
329 3716 439 3807 ipsum
464 3717 565 3784 Lunae
590 3745 648 3805 per
671 3721 878 3785 meridianum
900 3721 1066 3784 transitum
1088 3721 1214 3798 incidet,
1241 3722 1358 3808 hicque
1379 3739 1453 3785 casus

173 3831 256 3894 circa
271 3830 476 3916 quadraturas
491 3829 692 3892 luminarium
708 3829 812 3891 locum
826 3827 931 3890 habet

215 3947 238 4021 ᾗ.
256 3949 307 4004 62.
333 3940 379 4004 Ut
400 3941 496 4025 igitur
518 3941 700 4015 innotescat,
725 3953 886 4025 quamtum
909 3939 991 4001 vires
1014 3937 1087 4001 crim
1111 3939 1193 4003 Solis
1215 3937 1286 4004 tiam
1311 3934 1452 4004 Lunaead

171 4071 257 4110 mare
279 4049 466 4112 elevandum
488 4048 562 4112 dato
578 4061 718 4132 tempore
741 4049 789 4111 vel
805 4062 947 4114 crescant
958 4049 1007 4111 vel
1023 4048 1215 4126 decrescant,
1232 4050 1312 4115 dum
1327 4051 1368 4115 ab
1382 4048 1451 4113 hori·

173 4170 262 4218 zonte
288 4158 515 4243 aliquantillum
541 4157 589 4220 vel
616 4157 776 4234 recedunt,
808 4158 857 4221 vel
886 4158 926 4221 ad
953 4157 1087 4221 eundem
1117 4159 1283 4236 accedunt,
1314 4176 1451 4244 ponamus

175 4264 280 4328 Solem
303 4265 466 4329 Lunamve
492 4267 523 4327 in
548 4265 577 4328 L
598 4266 724 4340 versari,
755 4278 847 4351 atque
876 4266 950 4329 inde
979 4265 1019 4328 ad
1047 4280 1200 4348 punctum
1230 4267 1394 4332 meridiani
1419 4260 1449 4327 M

172 4375 329 4458 progredi.
375 4375 589 4458 Tempusculo
604 4397 680 4461 ergo
695 4398 751 4458 per
767 4377 917 4462 angulum
933 4376 962 4439 L
975 4377 1024 4439 Pl
1040 4407 1075 4430 =
1089 4376 1110 4439 d
1122 4386 1135 4438 t
1149 4392 1377 4461 repraesentato
1390 4396 1449 4461 pro

172 4482 332 4568 gredietur
356 4482 448 4546 Luna
463 4483 511 4546 vel
528 4483 583 4547 Sol
605 4507 645 4548 ex
669 4484 697 4546 L
721 4486 753 4546 in
774 4485 786 4547 l
804 4500 897 4571 atque
912 4487 951 4550 ab
966 4485 1129 4550 horizonte
1144 4491 1360 4554 removebitur
1372 4489 1450 4551 inter·

173 4588 255 4651 vallo
271 4588 299 4650 L
314 4588 355 4650 h:
379 4590 419 4652 ad
435 4591 520 4675 quod
543 4592 763 4655 inveniendum
779 4594 818 4656 sit
834 4608 868 4656 ut
883 4591 954 4656 ante
970 4593 1076 4679 anguli
1092 4593 1132 4657 M
1149 4594 1176 4657 P
1193 4596 1222 4658 L
1239 4598 1366 4660 cosinua
1384 4601 1448 4661 τί,

173 4753 204 4802 et
219 4740 304 4802 sinus
327 4764 358 4795 =
379 4739 420 4814 T,
443 4741 563 4824 eritque
579 4743 644 4825 ipse
659 4742 792 4829 angulus
808 4743 836 4805 L
854 4741 908 4805 Pl
929 4767 960 4800 =
981 4742 1001 4804 d
1017 4751 1030 4802 t
1050 4767 1080 4778 -

174 4933 213 4973 ex
226 4932 288 4996 quo
300 4909 417 4973 orietur
428 4911 533 4996 anguli
548 4912 585 4974 M
601 4912 782 4976 Plcosinns
799 4938 829 4972 =
846 4926 859 4976 t
875 4923 907 4988 -Ι-
924 4913 945 4976 d
957 4928 968 4976 t
979 4926 1035 4976 =t
1053 4923 1084 4988 -1-
1100 4912 1161 4976 Td
1173 4921 1195 4976 θ.
1213 4915 1248 4979 Si
1256 4917 1322 4999 jam
1333 4928 1451 5000 ponatur
