3330 5692
189 535 253 594 240
483 525 548 592 DE
571 524 724 590 CAUSA
751 522 955 588 PHYSICA
980 521 1171 587 FLUXUS

191 701 302 766 codem
325 699 442 765 circulo
463 699 614 785 aequatori
628 697 778 783 parallelo
792 718 1002 780 perseverare,
1025 694 1074 760 vel
1089 695 1286 760 latitudinem
1302 694 1476 759 eandem'm

191 812 321 901 singulis
342 811 586 876 revolutionibus
609 832 741 887 servare,
765 822 796 873 et
821 809 1027 872 variationem
1050 806 1196 871 ascensius
1219 828 1321 893 aquae,
1350 830 1420 892 qnae
1439 828 1473 868 ex

191 923 292 1011 ligurii
309 920 514 1006 sphaeroidicai
531 920 642 985 Terrae
656 920 810 1004 provenit,
828 940 892 980 non
907 918 1151 981 consideramus.

644 1147 931 1214 PROPOSITIO
955 1147 1031 1211 VII.

189 1348 294 1413 Mottu
308 1369 395 1433 oquae
409 1348 549 1413 trudatur
564 1370 601 1410 ex
617 1349 763 1430 inoeqaoli
776 1347 942 1421 uelocitate,
959 1343 1019 1429 qud
1033 1365 1160 1426 corporo
1174 1346 1258 1407 circo
1274 1367 1362 1408 asem
1378 1344 1469 1407 Terre

631 1467 711 1522 motu
725 1458 836 1520 diurno
850 1456 1034 1540 defamatur.

232 1648 360 1732 Quippe
380 1648 406 1710 si
428 1669 517 1734 aquae
532 1647 630 1711 moles
645 1646 762 1712 feratur
776 1661 864 1726 aestu,
888 1647 938 1712 vel
953 1647 1011 1711 alii
1027 1647 1067 1711 de
1082 1646 1185 1723 causi,
1209 1645 1249 1710 ad
1266 1647 1414 1733 majorem
1426 1644 1467 1708 val

86 1803 90 1820 .
186 1755 340 1817 minorem
355 1753 396 1817 ab
410 1767 569 1840 requatore
583 1753 771 1832 distantiam,
788 1755 905 1819 incidet
919 1756 952 1818 in
967 1776 1080 1841 aquam
1090 1751 1211 1817 diversi
1223 1753 1467 1818 velocitateciroa

188 1884 280 1925 axen.
304 1861 414 1926 Terroe
435 1862 549 1939 latam3
572 1862 656 1926 unde
678 1862 761 1926 illius
777 1875 897 1926 motum
913 1862 1033 1926 turbari
1047 1883 1173 1926 necesse
1188 1873 1245 1923 est
1291 1858 1468 1926 Differentis

187 1970 389 2035 velocitatum
403 1972 517 2057 quibus
532 1993 674 2055 corpora,
691 1972 827 2057 exempli
841 1972 951 2060 gratii,
968 1973 1001 2034 in
1015 1972 1086 2035 loco
1101 1978 1177 2036 50⁸¹.
1193 1970 1233 2034 ab
1245 1984 1406 2056 aequatore
1415 1968 1467 2033 dis·

187 2080 256 2158 sito,
273 2092 305 2143 et
319 2081 352 2143 in
366 2080 436 2143 loco
460 2089 500 2145 86
523 2078 644 2145 tanttlm
658 2081 802 2146 milliaria
816 2083 916 2170 magis
931 2080 1038 2146 versds
1058 2082 1305 2165 septentrionem
1321 2094 1467 2168 vergente,

187 2191 286 2273 major
300 2202 347 2252 est
361 2187 454 2275 quarn
470 2187 531 2274 qui
555 2196 574 2258 7
596 2189 740 2254 milliaria
759 2192 889 2280 singulis
904 2192 989 2256 horis
1004 2190 1243 2269 describeretur,
1266 2204 1305 2256 ut
1317 2190 1401 2256 sacili
1414 2188 1466 2254 oul-

186 2303 258 2366 culo
279 2302 408 2387 patebit
454 2301 600 2387 Cquue
621 2315 723 2367 motus
745 2305 838 2367 maris
861 2315 964 2368 tantus
985 2323 1210 2389 nonnunquam
1230 2302 1271 2365 sit
1290 2315 1328 2366 ut
1344 2307 1465 2366 astuti

183 2408 336 2487 milliaria,
361 2409 410 2473 vel
432 2411 526 2472 etiam
546 2409 639 2494 plura
659 2411 789 2498 singulis
810 2412 897 2476 horis
912 2411 1076 2488 describat,
1101 2411 1229 2475 effectus
1244 2412 1300 2497 qui
1315 2411 1388 2475 hinc
1401 2407 1464 2474 orin'

184 2531 318 2602 possunt
332 2539 395 2582 non
412 2530 485 2581 sunt
499 2519 728 2583 contemnendi.

229 2624 262 2689 si
277 2647 360 2709 aqua
373 2623 530 2688 deferatur
544 2646 564 2688 a
577 2625 708 2689 meridie
723 2623 830 2690 versrls
850 2627 1093 2711 septentrionem
1107 2638 1196 2690 motu
1217 2625 1360 2714 generali
1372 2623 1460 2701 mltis

184 2730 232 2795 vel
256 2731 315 2795 alit
342 2730 451 2817 quivis
477 2730 518 2794 de
543 2729 646 2808 causi,
674 2754 783 2797 cursus
808 2755 899 2820 uquae
924 2733 998 2796 hinc
1022 2733 1173 2818 paulatim
1199 2733 1346 2799 deflectet
1369 2729 1459 2797 vasu

183 2841 345 2917 orientem,
362 2840 510 2925 quoniam
525 2861 606 2926 aqua
619 2838 707 2924 priris
722 2839 877 2906 serebatur
892 2853 980 2905 motu
994 2841 1109 2905 diurno
1123 2839 1232 2906 vereris
1247 2839 1332 2906 hanc
1351 2839 1456 2928 plagm

183 2950 292 3034 majori
314 2948 476 3013 velocitate
498 2947 593 3034 quim
615 2962 662 3013 est
684 2971 721 3012 ea
742 2970 813 3035 quae
835 2950 980 3014 convenit
1000 2950 1070 3014 loco
1092 2949 1192 3036 magis
1215 2947 1325 3013 versrls
1348 2949 1454 3014 boran

183 3055 253 3118 sito.
300 3055 420 3119 Contri
442 3056 467 3118 si
491 3077 572 3141 aqua
593 3077 612 3118 a
634 3056 845 3139 septentrione
866 3056 974 3120 versis
996 3056 1159 3120 meridiem
1174 3055 1344 3133 deferamur,
1366 3073 1452 3119 cursu

185 3188 276 3253 aquoe
298 3166 340 3229 ob
361 3166 495 3230 similem
510 3189 635 3230 causam
650 3167 757 3231 versds
773 3168 966 3231 occidentem
981 3168 1133 3231 deflectet
1180 3166 1287 3252 Atque
1301 3167 1374 3230 hinc
1387 3163 1450 3228 rani

182 3275 285 3339 motirs
314 3276 408 3337 maris
436 3274 645 3359 phaenomena
673 3277 749 3339 oriri
783 3278 985 3361 suspicamur.
1047 3277 1136 3341 Hinc
1165 3276 1306 3354 forsitan,
1337 3270 1447 3356 exempl

179 3389 295 3476 gratiis,
312 3401 434 3452 montes
449 3388 595 3475 glaciales
611 3410 682 3475 quoe
698 3412 738 3453 ex
752 3389 881 3453 Oceano
899 3388 1024 3454 Boreali
1038 3387 1266 3475 digrediuntur,
1283 3378 1445 3473 frequentiis

180 3498 417 3583 conspiciuntur
431 3500 464 3561 in
479 3498 663 3562 occidentali
680 3497 773 3585 quim
787 3499 930 3562 orientali
947 3497 1066 3561 Oceani
1082 3496 1233 3560 Atlantici
1247 3495 1350 3583 plagi.
1381 3488 1443 3567 Qun

180 3625 211 3676 et
231 3615 365 3699 majores
387 3623 480 3674 aestus
504 3611 577 3674 hinc
599 3611 674 3674 cieri
696 3633 787 3695 posse
808 3612 841 3673 in
863 3610 1006 3695 pluribus
1028 3607 1104 3671 locis
1118 3605 1213 3693 quim
1228 3606 1282 3693 qui
1298 3628 1337 3670 ex
1350 3596 1441 3667 calado

178 3721 292 3784 virium
317 3719 399 3785 Solis
421 3732 453 3782 et
475 3718 577 3782 Lunae
597 3718 763 3803 prodeunt,
780 3717 885 3782 habiti
902 3718 1022 3781 ratione
1037 3713 1219 3790 latitudinis,
1236 3711 1437 3777 verisimilem

181 3829 324 3893 Eandem
348 3851 473 3893 causam
499 3828 540 3891 ad
565 3840 674 3891 ventos
699 3830 873 3913 praesertim
899 3827 1145 3891 vehementiores
1175 3823 1393 3913 propagandos,
1415 3826 1435 3875 0¹

179 3960 406 4025 nonnunquam
421 3937 581 4025 augendos
596 3938 645 4001 vel
659 3938 857 4016 minuendos,
880 3938 1001 4024 aliaque
1016 3951 1082 4000 tum
1097 3937 1177 4001 airis
1193 3951 1260 4001 tum
1275 3935 1361 4000 maris
1372 3927 1432 4015 pb*

179 4068 313 4111 nomena
337 4048 545 4132 producenda
570 4047 745 4112 conducere
771 4049 974 4133 suspicamur.
1032 4047 1094 4112 Sed
1120 4048 1190 4112 haec
1205 4071 1288 4113 nunc
1311 4035 1428 4132 sigilliim

179 4156 324 4242 prosequi
339 4178 403 4220 non
419 4157 500 4221 lioet.
