<?xml version="1.0" encoding="UTF-8"?>
<!DOCTYPE html PUBLIC "-//W3C//DTD XHTML 1.0 Transitional//EN"
    "http://www.w3.org/TR/xhtml1/DTD/xhtml1-transitional.dtd">
<html xmlns="http://www.w3.org/1999/xhtml" xml:lang="en" lang="en">
 <head>
  <title>
</title>
<meta http-equiv="Content-Type" content="text/html;charset=utf-8" />
  <meta name='ocr-system' content='tesseract 3.04.00' />
  <meta name='ocr-capabilities' content='ocr_page ocr_carea ocr_par ocr_line ocrx_word'/>
</head>
<body>
  <div class='ocr_page' id='page_1' title='image "./philosophiaenat01newtgoog_0356.png"; bbox 0 0 3330 5692; ppageno 0'>
   <div class='ocr_carea' id='block_1_1' title="bbox 183 570 1230 650">
    <p class='ocr_par' dir='ltr' id='par_1_1' title="bbox 183 570 1230 650">
     <span class='ocr_line' id='line_1_1' title="bbox 183 570 1230 650; baseline -0.001 -10"><span class='ocrx_word' id='word_1_1' title='bbox 183 582 249 641; x_wconf 74' lang='lat' dir='ltr'><strong>sla</strong></span> <span class='ocrx_word' id='word_1_2' title='bbox 436 570 705 650; x_wconf 85' lang='lat' dir='ltr'><strong>INQUISITIO</strong></span> <span class='ocrx_word' id='word_1_3' title='bbox 730 570 935 638; x_wconf 85' lang='lat' dir='ltr'>PHYSICA</span> <span class='ocrx_word' id='word_1_4' title='bbox 958 573 1010 638; x_wconf 89' lang='lat' dir='ltr'><strong>IN</strong></span> <span class='ocrx_word' id='word_1_5' title='bbox 1032 572 1230 639; x_wconf 82' lang='lat' dir='ltr'><strong>CAUSAM</strong></span> 
     </span>
    </p>
   </div>
   <div class='ocr_carea' id='block_1_2' title="bbox 179 737 1479 4939">
    <p class='ocr_par' dir='ltr' id='par_1_2' title="bbox 181 737 1479 2569">
     <span class='ocr_line' id='line_1_2' title="bbox 184 737 1479 828; baseline -0.002 -19"><span class='ocrx_word' id='word_1_6' title='bbox 184 743 268 811; x_wconf 91' lang='lat' dir='ltr'><strong>unde</strong></span> <span class='ocrx_word' id='word_1_7' title='bbox 282 739 419 807; x_wconf 75' lang='lat' dir='ltr'><strong>dilucidi</strong></span> <span class='ocrx_word' id='word_1_8' title='bbox 434 742 574 828; x_wconf 87' lang='lat' dir='ltr'><strong>sequitur</strong></span> <span class='ocrx_word' id='word_1_9' title='bbox 587 751 681 806; x_wconf 74' lang='lat' dir='ltr'><strong>astus</strong></span> <span class='ocrx_word' id='word_1_10' title='bbox 695 737 735 805; x_wconf 76' lang='lat' dir='ltr'><strong>ed</strong></span> <span class='ocrx_word' id='word_1_11' title='bbox 748 737 870 806; x_wconf 74' lang='lat' dir='ltr'><strong>tardius</strong></span> <span class='ocrx_word' id='word_1_12' title='bbox 880 741 1027 807; x_wconf 84' lang='lat' dir='ltr'><strong>advenire</strong></span> <span class='ocrx_word' id='word_1_13' title='bbox 1041 741 1168 820; x_wconf 89' lang='lat' dir='ltr'><strong>debere,</strong></span> <span class='ocrx_word' id='word_1_14' title='bbox 1181 742 1246 828; x_wconf 83' lang='lat' dir='ltr'><strong>qud</strong></span> <span class='ocrx_word' id='word_1_15' title='bbox 1256 741 1322 806; x_wconf 87' lang='lat' dir='ltr'><strong>sint</strong></span> <span class='ocrx_word' id='word_1_16' title='bbox 1335 743 1479 828; x_wconf 81' lang='lat' dir='ltr'><strong>majorca</strong></span> 
     </span>
     <span class='ocr_line' id='line_1_3' title="bbox 184 848 1479 939; baseline -0.004 -21"><span class='ocrx_word' id='word_1_17' title='bbox 184 854 292 939; x_wconf 81' lang='lat' dir='ltr'>Atque</span> <span class='ocrx_word' id='word_1_18' title='bbox 312 849 374 915; x_wconf 90' lang='lat' dir='ltr'><strong>hoc</strong></span> <span class='ocrx_word' id='word_1_19' title='bbox 394 850 499 935; x_wconf 91' lang='lat' dir='ltr'><strong>ipsum</strong></span> <span class='ocrx_word' id='word_1_20' title='bbox 520 848 714 933; x_wconf 84' lang='lat' dir='ltr'><strong>experientia</strong></span> <span class='ocrx_word' id='word_1_21' title='bbox 731 848 907 927; x_wconf 85' lang='lat' dir='ltr'><strong>confirmat,</strong></span> <span class='ocrx_word' id='word_1_22' title='bbox 930 848 993 936; x_wconf 74' lang='lat' dir='ltr'><strong>quai</strong></span> <span class='ocrx_word' id='word_1_23' title='bbox 1008 862 1131 914; x_wconf 85' lang='lat' dir='ltr'><strong>constat</strong></span> <span class='ocrx_word' id='word_1_24' title='bbox 1143 863 1240 914; x_wconf 74' lang='lat' dir='ltr'><strong>meurs</strong></span> <span class='ocrx_word' id='word_1_25' title='bbox 1255 851 1406 936; x_wconf 86' lang='lat' dir='ltr'><strong>majores,</strong></span> <span class='ocrx_word' id='word_1_26' title='bbox 1428 850 1479 938; x_wconf 91' lang='lat' dir='ltr'><strong>qui</strong></span> 
     </span>
     <span class='ocr_line' id='line_1_4' title="bbox 181 953 1479 1042; baseline -0.003 -18"><span class='ocrx_word' id='word_1_27' title='bbox 181 960 267 1024; x_wconf 89' lang='lat' dir='ltr'><strong>circa</strong></span> <span class='ocrx_word' id='word_1_28' title='bbox 280 955 441 1021; x_wconf 85' lang='lat' dir='ltr'><strong>novilunia</strong></span> <span class='ocrx_word' id='word_1_29' title='bbox 455 977 493 1020; x_wconf 92' lang='lat' dir='ltr'><strong>ac</strong></span> <span class='ocrx_word' id='word_1_30' title='bbox 509 954 682 1041; x_wconf 88' lang='lat' dir='ltr'><strong>pleuilunia</strong></span> <span class='ocrx_word' id='word_1_31' title='bbox 696 956 892 1042; x_wconf 79' lang='lat' dir='ltr'><strong>contingrmt,</strong></span> <span class='ocrx_word' id='word_1_32' title='bbox 914 953 1035 1020; x_wconf 75' lang='lat' dir='ltr'><strong>tardius</strong></span> <span class='ocrx_word' id='word_1_33' title='bbox 1053 955 1177 1041; x_wconf 78' lang='lat' dir='ltr'>insequi</span> <span class='ocrx_word' id='word_1_34' title='bbox 1190 955 1361 1020; x_wconf 80' lang='lat' dir='ltr'><strong>transitum</strong></span> <span class='ocrx_word' id='word_1_35' title='bbox 1379 955 1479 1020; x_wconf 71' lang='lat' dir='ltr'><strong>Luna</strong></span> 
     </span>
     <span class='ocr_line' id='line_1_5' title="bbox 182 1063 1478 1154; baseline -0.005 -22"><span class='ocrx_word' id='word_1_36' title='bbox 182 1087 241 1154; x_wconf 88' lang='lat' dir='ltr'><strong>per</strong></span> <span class='ocrx_word' id='word_1_37' title='bbox 255 1065 475 1143; x_wconf 87' lang='lat' dir='ltr'><strong>meridianum,</strong></span> <span class='ocrx_word' id='word_1_38' title='bbox 491 1063 585 1152; x_wconf 79' lang='lat' dir='ltr'><strong>quim</strong></span> <span class='ocrx_word' id='word_1_39' title='bbox 598 1076 694 1128; x_wconf 80' lang='lat' dir='ltr'><strong>oestua</strong></span> <span class='ocrx_word' id='word_1_40' title='bbox 706 1065 855 1142; x_wconf 88' lang='lat' dir='ltr'><strong>minores,</strong></span> <span class='ocrx_word' id='word_1_41' title='bbox 878 1064 934 1150; x_wconf 94' lang='lat' dir='ltr'><strong>qui</strong></span> <span class='ocrx_word' id='word_1_42' title='bbox 955 1065 1038 1128; x_wconf 91' lang='lat' dir='ltr'><strong>circa</strong></span> <span class='ocrx_word' id='word_1_43' title='bbox 1058 1065 1266 1151; x_wconf 75' lang='lat' dir='ltr'><strong>quadraturas</strong></span> <span class='ocrx_word' id='word_1_44' title='bbox 1280 1064 1478 1152; x_wconf 87' lang='lat' dir='ltr'><strong>contingunt</strong></span> 
     </span>
     <span class='ocr_line' id='line_1_6' title="bbox 183 1171 1479 1261; baseline -0.005 -17"><span class='ocrx_word' id='word_1_45' title='bbox 183 1177 366 1244; x_wconf 82' lang='lat' dir='ltr'><strong>Crirnenim</strong></span> <span class='ocrx_word' id='word_1_46' title='bbox 382 1171 1479 1261; x_wconf 80' lang='lat' dir='ltr'><strong>Lmraiuquadramriscirciter6horistardidsrespectusoiisper</strong></span> 
     </span>
     <span class='ocr_line' id='line_1_7' title="bbox 182 1278 1477 1372; baseline -0.005 -20"><span class='ocrx_word' id='word_1_47' title='bbox 182 1288 389 1352; x_wconf 88' lang='lat' dir='ltr'><strong>meridianum</strong></span> <span class='ocrx_word' id='word_1_48' title='bbox 410 1297 557 1364; x_wconf 72' lang='lat' dir='ltr'><strong>nauseat,</strong></span> <span class='ocrx_word' id='word_1_49' title='bbox 581 1280 676 1372; x_wconf 76' lang='lat' dir='ltr'><strong>quim</strong></span> <span class='ocrx_word' id='word_1_50' title='bbox 690 1284 724 1348; x_wconf 95' lang='lat' dir='ltr'><strong>iu</strong></span> <span class='ocrx_word' id='word_1_51' title='bbox 738 1282 882 1371; x_wconf 76' lang='lat' dir='ltr'><strong>syzygiis,</strong></span> <span class='ocrx_word' id='word_1_52' title='bbox 897 1295 992 1348; x_wconf 62' lang='grc' dir='ltr'><strong>παυς</strong></span> <span class='ocrx_word' id='word_1_53' title='bbox 1006 1295 1112 1348; x_wconf 88' lang='lat' dir='ltr'><strong>tamen</strong></span> <span class='ocrx_word' id='word_1_54' title='bbox 1125 1303 1191 1346; x_wconf 89' lang='lat' dir='ltr'><strong>non</strong></span> <span class='ocrx_word' id='word_1_55' title='bbox 1206 1291 1228 1348; x_wconf 85' lang='lat'><strong>6</strong></span> <span class='ocrx_word' id='word_1_56' title='bbox 1242 1281 1332 1346; x_wconf 89' lang='lat' dir='ltr'><strong>horis</strong></span> <span class='ocrx_word' id='word_1_57' title='bbox 1347 1278 1477 1359; x_wconf 68' lang='lat' dir='ltr'><strong>tardiria</strong></span> 
     </span>
     <span class='ocr_line' id='line_1_8' title="bbox 182 1387 1476 1472; baseline -0.006 -11"><span class='ocrx_word' id='word_1_58' title='bbox 182 1395 239 1461; x_wconf 91' lang='lat' dir='ltr'><strong>sed</strong></span> <span class='ocrx_word' id='word_1_59' title='bbox 253 1408 376 1461; x_wconf 77' lang='lat' dir='ltr'><strong>tantm</strong></span> <span class='ocrx_word' id='word_1_60' title='bbox 391 1393 515 1458; x_wconf 79' lang='lat' dir='ltr'><strong>circiter</strong></span> <span class='ocrx_word' id='word_1_61' title='bbox 528 1392 570 1472; x_wconf 56' lang='grc' dir='ltr'><strong>ὀὶ</strong></span> <span class='ocrx_word' id='word_1_62' title='bbox 582 1391 671 1456; x_wconf 87' lang='lat' dir='ltr'><strong>horis</strong></span> <span class='ocrx_word' id='word_1_63' title='bbox 684 1388 805 1457; x_wconf 73' lang='lat' dir='ltr'><strong>tardius</strong></span> <span class='ocrx_word' id='word_1_64' title='bbox 819 1390 941 1455; x_wconf 78' lang='lat' dir='ltr'><strong>accidit.</strong></span> <span class='ocrx_word' id='word_1_65' title='bbox 978 1390 1114 1455; x_wconf 91' lang='lat' dir='ltr'><strong>Videtur</strong></span> <span class='ocrx_word' id='word_1_66' title='bbox 1125 1387 1202 1454; x_wconf 76' lang='lat' dir='ltr'><strong>vend</strong></span> <span class='ocrx_word' id='word_1_67' title='bbox 1217 1390 1313 1455; x_wconf 91' lang='lat' dir='ltr'><strong>etiam</strong></span> <span class='ocrx_word' id='word_1_68' title='bbox 1328 1388 1476 1467; x_wconf 74' lang='grc' dir='ltr'><strong>αΙαιΙω,</strong></span> 
     </span>
     <span class='ocr_line' id='line_1_9' title="bbox 183 1498 1475 1590; baseline -0.002 -24"><span class='ocrx_word' id='word_1_69' title='bbox 183 1503 240 1590; x_wconf 90' lang='lat' dir='ltr'><strong>qni</strong></span> <span class='ocrx_word' id='word_1_70' title='bbox 252 1525 313 1588; x_wconf 89' lang='lat' dir='ltr'><strong>pro</strong></span> <span class='ocrx_word' id='word_1_71' title='bbox 327 1514 460 1588; x_wconf 87' lang='lat' dir='ltr'><strong>utraque</strong></span> <span class='ocrx_word' id='word_1_72' title='bbox 474 1500 505 1564; x_wconf 86' lang='lat' dir='ltr'><strong>vi</strong></span> <span class='ocrx_word' id='word_1_73' title='bbox 525 1500 607 1566; x_wconf 89' lang='lat' dir='ltr'><strong>Solis</strong></span> <span class='ocrx_word' id='word_1_74' title='bbox 623 1522 660 1564; x_wconf 91' lang='lat' dir='ltr'><strong>ac</strong></span> <span class='ocrx_word' id='word_1_75' title='bbox 674 1499 778 1565; x_wconf 80' lang='lat' dir='ltr'><strong>Lunm</strong></span> <span class='ocrx_word' id='word_1_76' title='bbox 791 1499 982 1584; x_wconf 89' lang='lat' dir='ltr'><strong>conjunctim</strong></span> <span class='ocrx_word' id='word_1_77' title='bbox 996 1498 1117 1563; x_wconf 88' lang='lat' dir='ltr'><strong>institui</strong></span> <span class='ocrx_word' id='word_1_78' title='bbox 1137 1510 1244 1584; x_wconf 85' lang='lat' dir='ltr'><strong>potest</strong></span> <span class='ocrx_word' id='word_1_79' title='bbox 1257 1498 1356 1563; x_wconf 80' lang='lat' dir='ltr'><strong>simili</strong></span> <span class='ocrx_word' id='word_1_80' title='bbox 1370 1498 1475 1576; x_wconf 88' lang='lat' dir='ltr'><strong>modo,</strong></span> 
     </span>
     <span class='ocr_line' id='line_1_10' title="bbox 181 1604 1476 1697; baseline -0.005 -23"><span class='ocrx_word' id='word_1_81' title='bbox 181 1631 247 1697; x_wconf 91' lang='lat' dir='ltr'><strong>quo</strong></span> <span class='ocrx_word' id='word_1_82' title='bbox 267 1630 328 1694; x_wconf 90' lang='lat' dir='ltr'><strong>pro</strong></span> <span class='ocrx_word' id='word_1_83' title='bbox 342 1607 408 1673; x_wconf 84' lang='lat' dir='ltr'><strong>soli</strong></span> <span class='ocrx_word' id='word_1_84' title='bbox 422 1608 454 1671; x_wconf 82' lang='lat' dir='ltr'><strong>vi</strong></span> <span class='ocrx_word' id='word_1_85' title='bbox 469 1607 572 1672; x_wconf 81' lang='lat' dir='ltr'><strong>Lunae</strong></span> <span class='ocrx_word' id='word_1_86' title='bbox 586 1606 725 1684; x_wconf 82' lang='lat' dir='ltr'><strong>fecimus,</strong></span> <span class='ocrx_word' id='word_1_87' title='bbox 748 1604 900 1691; x_wconf 89' lang='lat' dir='ltr'><strong>ejusmodi</strong></span> <span class='ocrx_word' id='word_1_88' title='bbox 915 1605 1157 1670; x_wconf 82' lang='lat' dir='ltr'><strong>retardationem</strong></span> <span class='ocrx_word' id='word_1_89' title='bbox 1170 1607 1325 1692; x_wconf 88' lang='lat' dir='ltr'><strong>majorem</strong></span> <span class='ocrx_word' id='word_1_90' title='bbox 1339 1608 1376 1670; x_wconf 93' lang='lat' dir='ltr'><strong>in</strong></span> <span class='ocrx_word' id='word_1_91' title='bbox 1390 1629 1476 1694; x_wconf 78' lang='lat' dir='ltr'><strong>syzy-</strong></span> 
     </span>
     <span class='ocr_line' id='line_1_11' title="bbox 181 1712 1477 1804; baseline 0.002 -25"><span class='ocrx_word' id='word_1_92' title='bbox 181 1717 242 1804; x_wconf 89' lang='lat' dir='ltr'><strong>giis</strong></span> <span class='ocrx_word' id='word_1_93' title='bbox 257 1714 353 1802; x_wconf 74' lang='lat' dir='ltr'><strong>quim</strong></span> <span class='ocrx_word' id='word_1_94' title='bbox 366 1715 400 1779; x_wconf 94' lang='lat' dir='ltr'><strong>in</strong></span> <span class='ocrx_word' id='word_1_95' title='bbox 414 1714 613 1800; x_wconf 86' lang='lat' dir='ltr'><strong>quadraturis</strong></span> <span class='ocrx_word' id='word_1_96' title='bbox 626 1714 776 1792; x_wconf 89' lang='lat' dir='ltr'><strong>indicare,</strong></span> <span class='ocrx_word' id='word_1_97' title='bbox 792 1713 914 1777; x_wconf 90' lang='lat' dir='ltr'><strong>etiamsi</strong></span> <span class='ocrx_word' id='word_1_98' title='bbox 928 1735 1000 1777; x_wconf 92' lang='lat' dir='ltr'><strong>eum</strong></span> <span class='ocrx_word' id='word_1_99' title='bbox 1014 1712 1057 1777; x_wconf 95' lang='lat' dir='ltr'><strong>ob</strong></span> <span class='ocrx_word' id='word_1_100' title='bbox 1070 1735 1209 1778; x_wconf 88' lang='lat' dir='ltr'><strong>summas</strong></span> <span class='ocrx_word' id='word_1_101' title='bbox 1223 1713 1429 1781; x_wconf 71' lang='lat' dir='ltr'><strong>diffimltaoes</strong></span> <span class='ocrx_word' id='word_1_102' title='bbox 1438 1716 1477 1782; x_wconf 82' lang='lat' dir='ltr'><strong>ad</strong></span> 
     </span>
     <span class='ocr_line' id='line_1_12' title="bbox 181 1822 1476 1910; baseline -0.002 -21"><span class='ocrx_word' id='word_1_103' title='bbox 181 1826 279 1891; x_wconf 84' lang='lat' dir='ltr'><strong>finem</strong></span> <span class='ocrx_word' id='word_1_104' title='bbox 299 1824 473 1910; x_wconf 83' lang='lat' dir='ltr'><strong>perducere</strong></span> <span class='ocrx_word' id='word_1_105' title='bbox 494 1845 559 1888; x_wconf 90' lang='lat' dir='ltr'><strong>uon</strong></span> <span class='ocrx_word' id='word_1_106' title='bbox 580 1823 769 1888; x_wconf 87' lang='lat' dir='ltr'><strong>valuerimus</strong></span> <span class='ocrx_word' id='word_1_107' title='bbox 777 1846 787 1900; x_wconf 88' lang='lat'>;</span> <span class='ocrx_word' id='word_1_108' title='bbox 809 1822 934 1886; x_wconf 86' lang='lat' dir='ltr'><strong>interim</strong></span> <span class='ocrx_word' id='word_1_109' title='bbox 948 1835 1054 1886; x_wconf 90' lang='lat' dir='ltr'><strong>tamen</strong></span> <span class='ocrx_word' id='word_1_110' title='bbox 1067 1823 1141 1886; x_wconf 88' lang='lat' dir='ltr'><strong>satia</strong></span> <span class='ocrx_word' id='word_1_111' title='bbox 1155 1822 1288 1908; x_wconf 90' lang='lat' dir='ltr'><strong>planum</strong></span> <span class='ocrx_word' id='word_1_112' title='bbox 1303 1836 1354 1888; x_wconf 84' lang='lat' dir='ltr'><strong>est</strong></span> <span class='ocrx_word' id='word_1_113' title='bbox 1367 1827 1476 1910; x_wconf 68' lang='lat' dir='ltr'><strong>pred·</strong></span> 
     </span>
     <span class='ocr_line' id='line_1_13' title="bbox 181 1929 1476 2018; baseline 0.002 -21"><span class='ocrx_word' id='word_1_114' title='bbox 181 1953 279 2018; x_wconf 86' lang='lat' dir='ltr'><strong>puam</strong></span> <span class='ocrx_word' id='word_1_115' title='bbox 301 1933 368 2017; x_wconf 88' lang='lat' dir='ltr'><strong>ejus</strong></span> <span class='ocrx_word' id='word_1_116' title='bbox 390 1952 516 1998; x_wconf 86' lang='lat' dir='ltr'><strong>oausam</strong></span> <span class='ocrx_word' id='word_1_117' title='bbox 537 1931 571 1994; x_wconf 91' lang='lat' dir='ltr'><strong>in</strong></span> <span class='ocrx_word' id='word_1_118' title='bbox 592 1930 661 2016; x_wconf 72' lang='lat' dir='ltr'><strong>ipsi</strong></span> <span class='ocrx_word' id='word_1_119' title='bbox 682 1929 794 1996; x_wconf 77' lang='lat' dir='ltr'><strong>mant</strong></span> <span class='ocrx_word' id='word_1_120' title='bbox 815 1930 1215 2017; x_wconf 77' lang='lat' dir='ltr'><strong>aquoecssequaerendam.</strong></span> <span class='ocrx_word' id='word_1_121' title='bbox 1263 1931 1353 1997; x_wconf 78' lang='lat' dir='ltr'><strong>Haec</strong></span> <span class='ocrx_word' id='word_1_122' title='bbox 1375 1948 1476 1999; x_wconf 73' lang='lat' dir='ltr'><strong>aaran</strong></span> 
     </span>
     <span class='ocr_line' id='line_1_14' title="bbox 181 2039 1475 2131; baseline 0.004 -26"><span class='ocrx_word' id='word_1_123' title='bbox 181 2039 275 2105; x_wconf 86' lang='lat' dir='ltr'><strong>allata</strong></span> <span class='ocrx_word' id='word_1_124' title='bbox 296 2040 376 2104; x_wconf 86' lang='lat' dir='ltr'><strong>ratio</strong></span> <span class='ocrx_word' id='word_1_125' title='bbox 395 2040 614 2106; x_wconf 82' lang='lat' dir='ltr'><strong>retardationis</strong></span> <span class='ocrx_word' id='word_1_126' title='bbox 635 2063 655 2104; x_wconf 91' lang='lat' dir='ltr'><strong>a</strong></span> <span class='ocrx_word' id='word_1_127' title='bbox 678 2040 868 2106; x_wconf 83' lang='lat' dir='ltr'><strong>Flamstedio</strong></span> <span class='ocrx_word' id='word_1_128' title='bbox 880 2041 1018 2107; x_wconf 72' lang='lat' dir='ltr'><strong>maxime</strong></span> <span class='ocrx_word' id='word_1_129' title='bbox 1031 2042 1194 2129; x_wconf 88' lang='lat' dir='ltr'><strong>probatur,</strong></span> <span class='ocrx_word' id='word_1_130' title='bbox 1216 2043 1337 2128; x_wconf 89' lang='lat' dir='ltr'><strong>quippe</strong></span> <span class='ocrx_word' id='word_1_131' title='bbox 1353 2046 1410 2131; x_wconf 86' lang='lat' dir='ltr'><strong>qui</strong></span> <span class='ocrx_word' id='word_1_132' title='bbox 1424 2046 1475 2110; x_wconf 69' lang='lat' dir='ltr'><strong>ou</strong></span> 
     </span>
     <span class='ocr_line' id='line_1_15' title="bbox 183 2151 1475 2244; baseline 0.003 -28"><span class='ocrx_word' id='word_1_133' title='bbox 183 2151 319 2216; x_wconf 83' lang='lat' dir='ltr'><strong>servavit</strong></span> <span class='ocrx_word' id='word_1_134' title='bbox 341 2151 512 2215; x_wconf 86' lang='lat' dir='ltr'><strong>maximam</strong></span> <span class='ocrx_word' id='word_1_135' title='bbox 534 2151 777 2217; x_wconf 83' lang='lat' dir='ltr'><strong>retardationem</strong></span> <span class='ocrx_word' id='word_1_136' title='bbox 802 2175 867 2218; x_wconf 88' lang='lat' dir='ltr'><strong>non</strong></span> <span class='ocrx_word' id='word_1_137' title='bbox 887 2167 953 2219; x_wconf 89' lang='lat' dir='ltr'><strong>tam</strong></span> <span class='ocrx_word' id='word_1_138' title='bbox 975 2156 1110 2244; x_wconf 82' lang='lat' dir='ltr'><strong>syrygiis</strong></span> <span class='ocrx_word' id='word_1_139' title='bbox 1135 2154 1354 2234; x_wconf 89' lang='lat' dir='ltr'><strong>luminarium,</strong></span> <span class='ocrx_word' id='word_1_140' title='bbox 1378 2176 1475 2244; x_wconf 82' lang='lat' dir='ltr'><strong>neque</strong></span> 
     </span>
     <span class='ocr_line' id='line_1_16' title="bbox 181 2259 1476 2351; baseline 0.005 -27"><span class='ocrx_word' id='word_1_141' title='bbox 181 2259 345 2324; x_wconf 91' lang='lat' dir='ltr'><strong>minimam</strong></span> <span class='ocrx_word' id='word_1_142' title='bbox 368 2259 568 2346; x_wconf 83' lang='lat' dir='ltr'><strong>quadraturis</strong></span> <span class='ocrx_word' id='word_1_143' title='bbox 592 2262 793 2347; x_wconf 86' lang='lat' dir='ltr'><strong>respondere,</strong></span> <span class='ocrx_word' id='word_1_144' title='bbox 818 2263 874 2328; x_wconf 89' lang='lat' dir='ltr'><strong>sed</strong></span> <span class='ocrx_word' id='word_1_145' title='bbox 903 2265 941 2328; x_wconf 92' lang='lat' dir='ltr'><strong>iis</strong></span> <span class='ocrx_word' id='word_1_146' title='bbox 965 2265 1212 2351; x_wconf 79' lang='lat' dir='ltr'><strong>tempestatibus,</strong></span> <span class='ocrx_word' id='word_1_147' title='bbox 1242 2264 1364 2351; x_wconf 86' lang='lat' dir='ltr'><strong>quibus</strong></span> <span class='ocrx_word' id='word_1_148' title='bbox 1386 2277 1476 2331; x_wconf 71' lang='lat' dir='ltr'><strong>metm</strong></span> 
     </span>
     <span class='ocr_line' id='line_1_17' title="bbox 181 2368 1476 2462; baseline 0.003 -27"><span class='ocrx_word' id='word_1_149' title='bbox 181 2368 303 2435; x_wconf 86' lang='lat' dir='ltr'><strong>soleant</strong></span> <span class='ocrx_word' id='word_1_150' title='bbox 322 2393 391 2435; x_wconf 86' lang='lat' dir='ltr'><strong>esse</strong></span> <span class='ocrx_word' id='word_1_151' title='bbox 408 2371 539 2435; x_wconf 85' lang='lat' dir='ltr'><strong>maximi</strong></span> <span class='ocrx_word' id='word_1_152' title='bbox 553 2381 586 2436; x_wconf 89' lang='lat' dir='ltr'><strong>et</strong></span> <span class='ocrx_word' id='word_1_153' title='bbox 599 2371 730 2450; x_wconf 89' lang='lat' dir='ltr'><strong>minimi,</strong></span> <span class='ocrx_word' id='word_1_154' title='bbox 752 2371 787 2436; x_wconf 93' lang='lat' dir='ltr'><strong>id</strong></span> <span class='ocrx_word' id='word_1_155' title='bbox 801 2372 886 2458; x_wconf 91' lang='lat' dir='ltr'><strong>quod</strong></span> <span class='ocrx_word' id='word_1_156' title='bbox 901 2372 1029 2438; x_wconf 88' lang='lat' dir='ltr'><strong>demum</strong></span> <span class='ocrx_word' id='word_1_157' title='bbox 1048 2386 1121 2460; x_wconf 87' lang='lat' dir='ltr'><strong>post</strong></span> <span class='ocrx_word' id='word_1_158' title='bbox 1134 2373 1280 2462; x_wconf 84' lang='lat' dir='ltr'><strong>syzygias</strong></span> <span class='ocrx_word' id='word_1_159' title='bbox 1295 2386 1329 2438; x_wconf 89' lang='lat' dir='ltr'><strong>et</strong></span> <span class='ocrx_word' id='word_1_160' title='bbox 1344 2375 1476 2462; x_wconf 80' lang='lat' dir='ltr'><strong>quadra·</strong></span> 
     </span>
     <span class='ocr_line' id='line_1_18' title="bbox 182 2481 448 2569; baseline 0 -23"><span class='ocrx_word' id='word_1_161' title='bbox 182 2491 270 2546; x_wconf 85' lang='lat' dir='ltr'><strong>turaa</strong></span> <span class='ocrx_word' id='word_1_162' title='bbox 284 2481 448 2569; x_wconf 87' lang='lat' dir='ltr'><strong>contingit.</strong></span> 
     </span>
    </p>

    <p class='ocr_par' dir='ltr' id='par_1_3' title="bbox 179 2587 1475 4939">
     <span class='ocr_line' id='line_1_19' title="bbox 228 2587 1474 2678; baseline 0.001 -23"><span class='ocrx_word' id='word_1_163' title='bbox 228 2594 254 2673; x_wconf 88' lang='lat'><strong>§.</strong></span> <span class='ocrx_word' id='word_1_164' title='bbox 269 2597 322 2656; x_wconf 91' lang='grc'><strong>91.</strong></span> <span class='ocrx_word' id='word_1_165' title='bbox 347 2587 402 2654; x_wconf 85' lang='lat' dir='ltr'><strong>Ad</strong></span> <span class='ocrx_word' id='word_1_166' title='bbox 424 2588 507 2654; x_wconf 91' lang='lat' dir='ltr'><strong>hanc</strong></span> <span class='ocrx_word' id='word_1_167' title='bbox 529 2601 634 2654; x_wconf 85' lang='lat' dir='ltr'><strong>autem</strong></span> <span class='ocrx_word' id='word_1_168' title='bbox 659 2589 803 2654; x_wconf 86' lang='lat' dir='ltr'><strong>fluxuum</strong></span> <span class='ocrx_word' id='word_1_169' title='bbox 828 2613 848 2654; x_wconf 91' lang='lat' dir='ltr'><strong>a</strong></span> <span class='ocrx_word' id='word_1_170' title='bbox 869 2590 1002 2678; x_wconf 82' lang='lat' dir='ltr'><strong>syzygiis</strong></span> <span class='ocrx_word' id='word_1_171' title='bbox 1022 2588 1065 2654; x_wconf 92' lang='lat' dir='ltr'><strong>ad</strong></span> <span class='ocrx_word' id='word_1_172' title='bbox 1088 2589 1298 2676; x_wconf 68' lang='lat' dir='ltr'><strong>quadraturas</strong></span> <span class='ocrx_word' id='word_1_173' title='bbox 1323 2589 1474 2656; x_wconf 61' lang='lat' dir='ltr'><strong>accain</strong></span> 
     </span>
     <span class='ocr_line' id='line_1_20' title="bbox 181 2694 1475 2783; baseline 0.002 -21"><span class='ocrx_word' id='word_1_174' title='bbox 181 2694 312 2773; x_wconf 82' lang='lat' dir='ltr'><strong>tionem,</strong></span> <span class='ocrx_word' id='word_1_175' title='bbox 333 2708 481 2783; x_wconf 86' lang='lat' dir='ltr'><strong>respectu</strong></span> <span class='ocrx_word' id='word_1_176' title='bbox 502 2695 650 2761; x_wconf 74' lang='lat' dir='ltr'><strong>transitis</strong></span> <span class='ocrx_word' id='word_1_177' title='bbox 676 2696 779 2761; x_wconf 72' lang='lat' dir='ltr'><strong>Lunae</strong></span> <span class='ocrx_word' id='word_1_178' title='bbox 801 2719 860 2782; x_wconf 88' lang='lat' dir='ltr'><strong>per</strong></span> <span class='ocrx_word' id='word_1_179' title='bbox 881 2696 1100 2775; x_wconf 85' lang='lat' dir='ltr'><strong>meridianum,</strong></span> <span class='ocrx_word' id='word_1_180' title='bbox 1125 2719 1164 2762; x_wconf 88' lang='lat' dir='ltr'><strong>ac</strong></span> <span class='ocrx_word' id='word_1_181' title='bbox 1188 2697 1475 2765; x_wconf 70' lang='lat' dir='ltr'><strong>retardationem</strong></span> 
     </span>
     <span class='ocr_line' id='line_1_21' title="bbox 181 2800 1472 2891; baseline 0.003 -24"><span class='ocrx_word' id='word_1_182' title='bbox 181 2800 382 2888; x_wconf 86' lang='lat' dir='ltr'><strong>quadraturis</strong></span> <span class='ocrx_word' id='word_1_183' title='bbox 405 2803 447 2868; x_wconf 90' lang='lat' dir='ltr'><strong>ad</strong></span> <span class='ocrx_word' id='word_1_184' title='bbox 472 2803 624 2891; x_wconf 78' lang='lat' dir='ltr'><strong>syzygias,</strong></span> <span class='ocrx_word' id='word_1_185' title='bbox 647 2800 819 2888; x_wconf 84' lang='lat' dir='ltr'><strong>plurimum</strong></span> <span class='ocrx_word' id='word_1_186' title='bbox 843 2825 969 2890; x_wconf 88' lang='lat' dir='ltr'><strong>quoque</strong></span> <span class='ocrx_word' id='word_1_187' title='bbox 990 2805 1037 2868; x_wconf 84' lang='lat' dir='ltr'><strong>vis</strong></span> <span class='ocrx_word' id='word_1_188' title='bbox 1064 2802 1146 2870; x_wconf 87' lang='lat' dir='ltr'><strong>Solis</strong></span> <span class='ocrx_word' id='word_1_189' title='bbox 1171 2803 1316 2870; x_wconf 70' lang='lat' dir='ltr'><strong>coufmre</strong></span> <span class='ocrx_word' id='word_1_190' title='bbox 1343 2807 1472 2873; x_wconf 84' lang='lat' dir='ltr'><strong>videtur.</strong></span> 
     </span>
     <span class='ocr_line' id='line_1_22' title="bbox 181 2907 1473 3004; baseline 0.004 -27"><span class='ocrx_word' id='word_1_191' title='bbox 181 2907 289 2995; x_wconf 73' lang='lat' dir='ltr'><strong>Supra</strong></span> <span class='ocrx_word' id='word_1_192' title='bbox 310 2911 395 2976; x_wconf 86' lang='lat' dir='ltr'><strong>enim</strong></span> <span class='ocrx_word' id='word_1_193' title='bbox 411 2913 478 2997; x_wconf 90' lang='lat' dir='ltr'><strong>jam</strong></span> <span class='ocrx_word' id='word_1_194' title='bbox 501 2911 705 2977; x_wconf 83' lang='lat' dir='ltr'><strong>iudicavimus</strong></span> <span class='ocrx_word' id='word_1_195' title='bbox 726 2923 799 3002; x_wconf 91' lang='lat' dir='ltr'><strong>post</strong></span> <span class='ocrx_word' id='word_1_196' title='bbox 814 2912 954 3001; x_wconf 79' lang='lat' dir='ltr'><strong>syzygias</strong></span> <span class='ocrx_word' id='word_1_197' title='bbox 967 2913 1090 2978; x_wconf 86' lang='lat' dir='ltr'><strong>fluxum</strong></span> <span class='ocrx_word' id='word_1_198' title='bbox 1105 2913 1273 2978; x_wconf 90' lang='lat' dir='ltr'><strong>transitum</strong></span> <span class='ocrx_word' id='word_1_199' title='bbox 1296 2914 1406 2982; x_wconf 73' lang='lat' dir='ltr'><strong>Lunm</strong></span> <span class='ocrx_word' id='word_1_200' title='bbox 1423 2938 1473 3004; x_wconf 83' lang='lat' dir='ltr'><strong>per</strong></span> 
     </span>
     <span class='ocr_line' id='line_1_23' title="bbox 180 3016 1471 3109; baseline 0.01 -28"><span class='ocrx_word' id='word_1_201' title='bbox 180 3016 390 3083; x_wconf 90' lang='lat' dir='ltr'><strong>meridianum</strong></span> <span class='ocrx_word' id='word_1_202' title='bbox 413 3018 598 3086; x_wconf 85' lang='lat' dir='ltr'><strong>antecedere</strong></span> <span class='ocrx_word' id='word_1_203' title='bbox 621 3019 747 3098; x_wconf 90' lang='lat' dir='ltr'><strong>debere,</strong></span> <span class='ocrx_word' id='word_1_204' title='bbox 777 3021 820 3086; x_wconf 95' lang='lat' dir='ltr'><strong>ob</strong></span> <span class='ocrx_word' id='word_1_205' title='bbox 844 3023 950 3088; x_wconf 91' lang='lat' dir='ltr'><strong>Solem</strong></span> <span class='ocrx_word' id='word_1_206' title='bbox 970 3034 1038 3088; x_wconf 91' lang='lat' dir='ltr'><strong>tum</strong></span> <span class='ocrx_word' id='word_1_207' title='bbox 1056 3025 1124 3109; x_wconf 90' lang='lat' dir='ltr'><strong>jam</strong></span> <span class='ocrx_word' id='word_1_208' title='bbox 1147 3022 1257 3089; x_wconf 77' lang='lat' dir='ltr'><strong>versis</strong></span> <span class='ocrx_word' id='word_1_209' title='bbox 1281 3024 1471 3093; x_wconf 74' lang='lat' dir='ltr'><strong>heriman</strong></span> 
     </span>
     <span class='ocr_line' id='line_1_24' title="bbox 181 3125 1470 3218; baseline 0.008 -28"><span class='ocrx_word' id='word_1_210' title='bbox 181 3125 409 3204; x_wconf 69' lang='lat' dir='ltr'><strong>deelinantem</strong></span> <span class='ocrx_word' id='word_1_211' title='bbox 432 3127 517 3192; x_wconf 90' lang='lat' dir='ltr'><strong>unde</strong></span> <span class='ocrx_word' id='word_1_212' title='bbox 532 3129 636 3207; x_wconf 90' lang='lat' dir='ltr'><strong>etiam,</strong></span> <span class='ocrx_word' id='word_1_213' title='bbox 653 3127 787 3194; x_wconf 77' lang='lat' dir='ltr'><strong>stabiliti</strong></span> <span class='ocrx_word' id='word_1_214' title='bbox 802 3130 924 3209; x_wconf 79' lang='lat' dir='ltr'><strong>inertii,</strong></span> <span class='ocrx_word' id='word_1_215' title='bbox 946 3131 1059 3197; x_wconf 90' lang='lat' dir='ltr'><strong>diebus</strong></span> <span class='ocrx_word' id='word_1_216' title='bbox 1074 3131 1234 3196; x_wconf 82' lang='lat' dir='ltr'><strong>novilunia</strong></span> <span class='ocrx_word' id='word_1_217' title='bbox 1250 3155 1289 3197; x_wconf 89' lang='lat' dir='ltr'><strong>ac</strong></span> <span class='ocrx_word' id='word_1_218' title='bbox 1303 3134 1470 3218; x_wconf 76' lang='lat' dir='ltr'><strong>pleniluni·</strong></span> 
     </span>
     <span class='ocr_line' id='line_1_25' title="bbox 180 3235 1469 3328; baseline 0.009 -29"><span class='ocrx_word' id='word_1_219' title='bbox 180 3235 381 3321; x_wconf 89' lang='lat' dir='ltr'><strong>sequentibus</strong></span> <span class='ocrx_word' id='word_1_220' title='bbox 403 3248 498 3300; x_wconf 81' lang='lat' dir='ltr'><strong>astus</strong></span> <span class='ocrx_word' id='word_1_221' title='bbox 520 3238 616 3301; x_wconf 88' lang='lat' dir='ltr'><strong>maris</strong></span> <span class='ocrx_word' id='word_1_222' title='bbox 637 3237 728 3303; x_wconf 83' lang='lat' dir='ltr'><strong>citids</strong></span> <span class='ocrx_word' id='word_1_223' title='bbox 748 3240 871 3326; x_wconf 90' lang='lat' dir='ltr'><strong>insequi</strong></span> <span class='ocrx_word' id='word_1_224' title='bbox 885 3239 979 3305; x_wconf 91' lang='lat' dir='ltr'><strong>debet</strong></span> <span class='ocrx_word' id='word_1_225' title='bbox 994 3241 1161 3305; x_wconf 84' lang='lat' dir='ltr'><strong>transitum</strong></span> <span class='ocrx_word' id='word_1_226' title='bbox 1184 3242 1290 3306; x_wconf 87' lang='lat' dir='ltr'><strong>Lunae</strong></span> <span class='ocrx_word' id='word_1_227' title='bbox 1310 3266 1374 3328; x_wconf 89' lang='lat' dir='ltr'><strong>per</strong></span> <span class='ocrx_word' id='word_1_228' title='bbox 1386 3245 1469 3310; x_wconf 86' lang='lat' dir='ltr'><strong>meri·</strong></span> 
     </span>
     <span class='ocr_line' id='line_1_26' title="bbox 183 3341 1465 3436; baseline 0.008 -28"><span class='ocrx_word' id='word_1_229' title='bbox 183 3344 323 3421; x_wconf 86' lang='lat' dir='ltr'><strong>dianum,</strong></span> <span class='ocrx_word' id='word_1_230' title='bbox 349 3341 444 3430; x_wconf 77' lang='lat' dir='ltr'><strong>quim</strong></span> <span class='ocrx_word' id='word_1_231' title='bbox 467 3346 500 3409; x_wconf 92' lang='lat' dir='ltr'><strong>in</strong></span> <span class='ocrx_word' id='word_1_232' title='bbox 526 3346 601 3431; x_wconf 88' lang='lat' dir='ltr'><strong>ipsis</strong></span> <span class='ocrx_word' id='word_1_233' title='bbox 627 3348 771 3435; x_wconf 89' lang='lat' dir='ltr'><strong>syzygiis,</strong></span> <span class='ocrx_word' id='word_1_234' title='bbox 799 3348 833 3413; x_wconf 93' lang='lat' dir='ltr'><strong>id</strong></span> <span class='ocrx_word' id='word_1_235' title='bbox 854 3350 940 3436; x_wconf 92' lang='lat' dir='ltr'><strong>quod</strong></span> <span class='ocrx_word' id='word_1_236' title='bbox 962 3350 1056 3414; x_wconf 88' lang='lat' dir='ltr'><strong>etiam</strong></span> <span class='ocrx_word' id='word_1_237' title='bbox 1081 3350 1317 3416; x_wconf 84' lang='lat' dir='ltr'><strong>observationes</strong></span> <span class='ocrx_word' id='word_1_238' title='bbox 1344 3350 1465 3417; x_wconf 75' lang='lat' dir='ltr'><strong>mirifici</strong></span> 
     </span>
     <span class='ocr_line' id='line_1_27' title="bbox 179 3458 1460 3551; baseline 0.002 -26"><span class='ocrx_word' id='word_1_239' title='bbox 179 3459 384 3534; x_wconf 83' lang='lat' dir='ltr'><strong>confirmaut3</strong></span> <span class='ocrx_word' id='word_1_240' title='bbox 405 3459 489 3524; x_wconf 82' lang='lat' dir='ltr'><strong>inter</strong></span> <span class='ocrx_word' id='word_1_241' title='bbox 509 3458 631 3523; x_wconf 82' lang='lat' dir='ltr'><strong>fluxum</strong></span> <span class='ocrx_word' id='word_1_242' title='bbox 654 3461 737 3524; x_wconf 91' lang='lat' dir='ltr'><strong>enim</strong></span> <span class='ocrx_word' id='word_1_243' title='bbox 759 3461 903 3547; x_wconf 90' lang='lat' dir='ltr'><strong>quintum</strong></span> <span class='ocrx_word' id='word_1_244' title='bbox 925 3475 957 3526; x_wconf 88' lang='lat' dir='ltr'><strong>et</strong></span> <span class='ocrx_word' id='word_1_245' title='bbox 978 3477 1104 3528; x_wconf 85' lang='lat' dir='ltr'><strong>sextum</strong></span> <span class='ocrx_word' id='word_1_246' title='bbox 1125 3475 1197 3546; x_wconf 90' lang='lat' dir='ltr'><strong>post</strong></span> <span class='ocrx_word' id='word_1_247' title='bbox 1215 3464 1361 3551; x_wconf 86' lang='lat' dir='ltr'><strong>syzygias</strong></span> <span class='ocrx_word' id='word_1_248' title='bbox 1375 3477 1460 3528; x_wconf 83' lang='lat' dir='ltr'><strong>retar-</strong></span> 
     </span>
     <span class='ocr_line' id='line_1_28' title="bbox 179 3567 1460 3656; baseline 0 -23"><span class='ocrx_word' id='word_1_249' title='bbox 179 3567 266 3633; x_wconf 87' lang='lat' dir='ltr'><strong>datio</strong></span> <span class='ocrx_word' id='word_1_250' title='bbox 280 3579 423 3652; x_wconf 88' lang='lat' dir='ltr'><strong>respectu</strong></span> <span class='ocrx_word' id='word_1_251' title='bbox 440 3567 521 3633; x_wconf 90' lang='lat' dir='ltr'><strong>Solis</strong></span> <span class='ocrx_word' id='word_1_252' title='bbox 535 3581 658 3634; x_wconf 88' lang='lat' dir='ltr'><strong>tantum</strong></span> <span class='ocrx_word' id='word_1_253' title='bbox 676 3578 714 3639; x_wconf 89' lang='lat'><strong>17</strong></span> <span class='ocrx_word' id='word_1_254' title='bbox 729 3570 840 3636; x_wconf 89' lang='lat' dir='ltr'><strong>minut.</strong></span> <span class='ocrx_word' id='word_1_255' title='bbox 855 3570 1111 3656; x_wconf 86' lang='lat' dir='ltr'><strong>deprehenditur,</strong></span> <span class='ocrx_word' id='word_1_256' title='bbox 1121 3569 1194 3635; x_wconf 79' lang='lat' dir='ltr'><strong>crim</strong></span> <span class='ocrx_word' id='word_1_257' title='bbox 1205 3585 1313 3637; x_wconf 90' lang='lat' dir='ltr'><strong>tamen</strong></span> <span class='ocrx_word' id='word_1_258' title='bbox 1328 3573 1416 3638; x_wconf 85' lang='lat' dir='ltr'><strong>Luna</strong></span> <span class='ocrx_word' id='word_1_259' title='bbox 1425 3579 1460 3635; x_wconf 76' lang='grc'><strong>11</strong></span> 
     </span>
     <span class='ocr_line' id='line_1_29' title="bbox 179 3674 1457 3745; baseline 0.006 -7"><span class='ocrx_word' id='word_1_260' title='bbox 179 3675 290 3738; x_wconf 90' lang='lat' dir='ltr'><strong>minut</strong></span> <span class='ocrx_word' id='word_1_261' title='bbox 306 3674 492 3739; x_wconf 88' lang='lat' dir='ltr'><strong>retardetur.</strong></span> <span class='ocrx_word' id='word_1_262' title='bbox 535 3674 633 3739; x_wconf 90' lang='lat' dir='ltr'><strong>Hanc</strong></span> <span class='ocrx_word' id='word_1_263' title='bbox 649 3676 692 3739; x_wconf 93' lang='lat' dir='ltr'><strong>ob</strong></span> <span class='ocrx_word' id='word_1_264' title='bbox 707 3698 774 3740; x_wconf 90' lang='lat' dir='ltr'><strong>rem</strong></span> <span class='ocrx_word' id='word_1_265' title='bbox 789 3700 809 3741; x_wconf 92' lang='lat' dir='ltr'><strong>a</strong></span> <span class='ocrx_word' id='word_1_266' title='bbox 825 3678 898 3742; x_wconf 89' lang='lat' dir='ltr'><strong>Sole</strong></span> <span class='ocrx_word' id='word_1_267' title='bbox 913 3678 1137 3742; x_wconf 86' lang='lat' dir='ltr'><strong>determinatur</strong></span> <span class='ocrx_word' id='word_1_268' title='bbox 1152 3691 1248 3742; x_wconf 85' lang='lat' dir='ltr'><strong>aestus</strong></span> <span class='ocrx_word' id='word_1_269' title='bbox 1264 3680 1307 3744; x_wconf 91' lang='lat' dir='ltr'><strong>ad</strong></span> <span class='ocrx_word' id='word_1_270' title='bbox 1322 3679 1457 3745; x_wconf 79' lang='lat' dir='ltr'><strong>actionem</strong></span> 
     </span>
     <span class='ocr_line' id='line_1_30' title="bbox 179 3783 1453 3876; baseline 0.002 -29"><span class='ocrx_word' id='word_1_271' title='bbox 179 3784 294 3848; x_wconf 86' lang='lat' dir='ltr'><strong>virium</strong></span> <span class='ocrx_word' id='word_1_272' title='bbox 316 3785 416 3873; x_wconf 90' lang='lat' dir='ltr'><strong>magis</strong></span> <span class='ocrx_word' id='word_1_273' title='bbox 437 3784 547 3849; x_wconf 69' lang='lat' dir='ltr'><strong>exacte</strong></span> <span class='ocrx_word' id='word_1_274' title='bbox 568 3786 770 3872; x_wconf 89' lang='lat' dir='ltr'><strong>sequendam,</strong></span> <span class='ocrx_word' id='word_1_275' title='bbox 793 3809 865 3874; x_wconf 78' lang='lat' dir='ltr'><strong>qum</strong></span> <span class='ocrx_word' id='word_1_276' title='bbox 886 3787 1104 3851; x_wconf 88' lang='lat' dir='ltr'><strong>determinatio</strong></span> <span class='ocrx_word' id='word_1_277' title='bbox 1119 3786 1191 3851; x_wconf 78' lang='lat' dir='ltr'><strong>crim</strong></span> <span class='ocrx_word' id='word_1_278' title='bbox 1211 3788 1307 3853; x_wconf 90' lang='lat' dir='ltr'><strong>duret</strong></span> <span class='ocrx_word' id='word_1_279' title='bbox 1320 3783 1453 3876; x_wconf 83' lang='lat' dir='ltr'><strong>usquead</strong></span> 
     </span>
     <span class='ocr_line' id='line_1_31' title="bbox 180 3894 1450 3982; baseline 0.002 -23"><span class='ocrx_word' id='word_1_280' title='bbox 180 3894 396 3980; x_wconf 85' lang='lat' dir='ltr'><strong>quadraturas,</strong></span> <span class='ocrx_word' id='word_1_281' title='bbox 419 3895 534 3959; x_wconf 90' lang='lat' dir='ltr'><strong>mirum</strong></span> <span class='ocrx_word' id='word_1_282' title='bbox 548 3917 613 3960; x_wconf 91' lang='lat' dir='ltr'><strong>non</strong></span> <span class='ocrx_word' id='word_1_283' title='bbox 627 3911 685 3975; x_wconf 87' lang='lat' dir='ltr'><strong>est,</strong></span> <span class='ocrx_word' id='word_1_284' title='bbox 711 3896 797 3982; x_wconf 75' lang='lat' dir='ltr'><strong>quod</strong></span> <span class='ocrx_word' id='word_1_285' title='bbox 810 3910 906 3960; x_wconf 85' lang='lat' dir='ltr'><strong>aestus</strong></span> <span class='ocrx_word' id='word_1_286' title='bbox 920 3895 988 3961; x_wconf 83' lang='lat' dir='ltr'><strong>tiun</strong></span> <span class='ocrx_word' id='word_1_287' title='bbox 1004 3910 1147 3981; x_wconf 86' lang='lat' dir='ltr'><strong>respectu</strong></span> <span class='ocrx_word' id='word_1_288' title='bbox 1170 3898 1275 3962; x_wconf 75' lang='lat' dir='ltr'><strong>Lunae</strong></span> <span class='ocrx_word' id='word_1_289' title='bbox 1291 3898 1382 3963; x_wconf 78' lang='lat' dir='ltr'><strong>sititis</strong></span> <span class='ocrx_word' id='word_1_290' title='bbox 1394 3914 1450 3961; x_wconf 83' lang='lat' dir='ltr'><strong>ooo·</strong></span> 
     </span>
     <span class='ocr_line' id='line_1_32' title="bbox 179 4003 1449 4093; baseline 0.002 -26"><span class='ocrx_word' id='word_1_291' title='bbox 179 4004 313 4090; x_wconf 83' lang='lat' dir='ltr'><strong>tingant,</strong></span> <span class='ocrx_word' id='word_1_292' title='bbox 329 4004 492 4091; x_wconf 89' lang='lat' dir='ltr'><strong>magisque</strong></span> <span class='ocrx_word' id='word_1_293' title='bbox 507 4003 547 4070; x_wconf 90' lang='lat' dir='ltr'><strong>ad</strong></span> <span class='ocrx_word' id='word_1_294' title='bbox 563 4003 717 4069; x_wconf 83' lang='lat' dir='ltr'><strong>calculum</strong></span> <span class='ocrx_word' id='word_1_295' title='bbox 728 4003 888 4068; x_wconf 83' lang='lat' dir='ltr'><strong>accedant</strong></span> <span class='ocrx_word' id='word_1_296' title='bbox 927 4004 1128 4068; x_wconf 84' lang='lat' dir='ltr'><strong>Contrarium</strong></span> <span class='ocrx_word' id='word_1_297' title='bbox 1140 4007 1243 4069; x_wconf 90' lang='lat' dir='ltr'><strong>evenit</strong></span> <span class='ocrx_word' id='word_1_298' title='bbox 1259 4006 1293 4069; x_wconf 91' lang='lat' dir='ltr'><strong>in</strong></span> <span class='ocrx_word' id='word_1_299' title='bbox 1304 4019 1449 4093; x_wconf 66' lang='lat' dir='ltr'><strong>progtswl</strong></span> 
     </span>
     <span class='ocr_line' id='line_1_33' title="bbox 181 4112 1448 4203; baseline 0.002 -26"><span class='ocrx_word' id='word_1_300' title='bbox 181 4134 201 4177; x_wconf 93' lang='lat' dir='ltr'><strong>a</strong></span> <span class='ocrx_word' id='word_1_301' title='bbox 224 4114 423 4199; x_wconf 89' lang='lat' dir='ltr'><strong>quadraturis</strong></span> <span class='ocrx_word' id='word_1_302' title='bbox 445 4114 486 4180; x_wconf 89' lang='lat' dir='ltr'><strong>ad</strong></span> <span class='ocrx_word' id='word_1_303' title='bbox 507 4115 658 4203; x_wconf 89' lang='lat' dir='ltr'><strong>syzygias,</strong></span> <span class='ocrx_word' id='word_1_304' title='bbox 681 4138 745 4201; x_wconf 92' lang='lat' dir='ltr'><strong>quo</strong></span> <span class='ocrx_word' id='word_1_305' title='bbox 760 4129 900 4201; x_wconf 85' lang='lat' dir='ltr'><strong>tempore</strong></span> <span class='ocrx_word' id='word_1_306' title='bbox 914 4127 1009 4179; x_wconf 82' lang='lat' dir='ltr'><strong>aestus</strong></span> <span class='ocrx_word' id='word_1_307' title='bbox 1023 4138 1043 4178; x_wconf 95' lang='lat' dir='ltr'><strong>a</strong></span> <span class='ocrx_word' id='word_1_308' title='bbox 1059 4115 1132 4180; x_wconf 90' lang='lat' dir='ltr'><strong>Sole</strong></span> <span class='ocrx_word' id='word_1_309' title='bbox 1147 4114 1299 4180; x_wconf 79' lang='lat' dir='ltr'><strong>continui&gt;</strong></span> <span class='ocrx_word' id='word_1_310' title='bbox 1314 4112 1448 4180; x_wconf 78' lang='lat' dir='ltr'><strong>retardan-</strong></span> 
     </span>
     <span class='ocr_line' id='line_1_34' title="bbox 179 4215 1447 4311; baseline 0.006 -27"><span class='ocrx_word' id='word_1_311' title='bbox 179 4233 241 4299; x_wconf 90' lang='lat' dir='ltr'><strong>tur,</strong></span> <span class='ocrx_word' id='word_1_312' title='bbox 259 4220 383 4309; x_wconf 89' lang='lat' dir='ltr'><strong>hocque</strong></span> <span class='ocrx_word' id='word_1_313' title='bbox 397 4222 573 4289; x_wconf 73' lang='lat' dir='ltr'><strong>necessario</strong></span> <span class='ocrx_word' id='word_1_314' title='bbox 588 4223 728 4302; x_wconf 87' lang='lat' dir='ltr'><strong>efficitur,</strong></span> <span class='ocrx_word' id='word_1_315' title='bbox 753 4236 788 4287; x_wconf 93' lang='lat' dir='ltr'><strong>ut</strong></span> <span class='ocrx_word' id='word_1_316' title='bbox 807 4224 934 4288; x_wconf 89' lang='lat' dir='ltr'><strong>tandem</strong></span> <span class='ocrx_word' id='word_1_317' title='bbox 947 4224 980 4287; x_wconf 92' lang='lat' dir='ltr'><strong>in</strong></span> <span class='ocrx_word' id='word_1_318' title='bbox 996 4223 1070 4308; x_wconf 85' lang='lat' dir='ltr'><strong>ipsis</strong></span> <span class='ocrx_word' id='word_1_319' title='bbox 1087 4225 1220 4311; x_wconf 85' lang='lat' dir='ltr'><strong>syzygiis</strong></span> <span class='ocrx_word' id='word_1_320' title='bbox 1233 4226 1341 4290; x_wconf 82' lang='lat' dir='ltr'><strong>fluxus</strong></span> <span class='ocrx_word' id='word_1_321' title='bbox 1355 4215 1447 4291; x_wconf 74' lang='lat' dir='ltr'><strong>tardi⁵</strong></span> 
     </span>
     <span class='ocr_line' id='line_1_35' title="bbox 180 4329 1446 4424; baseline 0.001 -32"><span class='ocrx_word' id='word_1_322' title='bbox 180 4329 363 4414; x_wconf 89' lang='lat' dir='ltr'><strong>insequatur</strong></span> <span class='ocrx_word' id='word_1_323' title='bbox 387 4332 491 4397; x_wconf 80' lang='lat' dir='ltr'><strong>Lunae</strong></span> <span class='ocrx_word' id='word_1_324' title='bbox 514 4332 768 4396; x_wconf 90' lang='lat' dir='ltr'><strong>culminationem</strong></span> <span class='ocrx_word' id='word_1_325' title='bbox 793 4331 887 4418; x_wconf 78' lang='lat' dir='ltr'><strong>quim</strong></span> <span class='ocrx_word' id='word_1_326' title='bbox 912 4333 945 4395; x_wconf 92' lang='lat' dir='ltr'><strong>in</strong></span> <span class='ocrx_word' id='word_1_327' title='bbox 971 4332 1179 4417; x_wconf 88' lang='lat' dir='ltr'><strong>quadraturis.</strong></span> <span class='ocrx_word' id='word_1_328' title='bbox 1241 4333 1341 4424; x_wconf 85' lang='lat' dir='ltr'><strong>Hanc</strong></span> <span class='ocrx_word' id='word_1_329' title='bbox 1368 4344 1446 4398; x_wconf 76' lang='lat' dir='ltr'><strong>auten</strong></span> 
     </span>
     <span class='ocr_line' id='line_1_36' title="bbox 180 4437 1449 4529; baseline 0.002 -30"><span class='ocrx_word' id='word_1_330' title='bbox 180 4437 334 4502; x_wconf 87' lang='lat' dir='ltr'><strong>rationem</strong></span> <span class='ocrx_word' id='word_1_331' title='bbox 356 4463 429 4505; x_wconf 91' lang='lat' dir='ltr'><strong>cum</strong></span> <span class='ocrx_word' id='word_1_332' title='bbox 450 4441 668 4529; x_wconf 87' lang='lat' dir='ltr'><strong>magnitudine</strong></span> <span class='ocrx_word' id='word_1_333' title='bbox 690 4439 784 4505; x_wconf 77' lang='lat' dir='ltr'><strong>aestis</strong></span> <span class='ocrx_word' id='word_1_334' title='bbox 806 4439 1056 4528; x_wconf 88' lang='lat' dir='ltr'><strong>conjungendam</strong></span> <span class='ocrx_word' id='word_1_335' title='bbox 1082 4462 1150 4503; x_wconf 91' lang='lat' dir='ltr'><strong>esse</strong></span> <span class='ocrx_word' id='word_1_336' title='bbox 1171 4455 1320 4524; x_wconf 88' lang='lat' dir='ltr'><strong>putamus</strong></span> <span class='ocrx_word' id='word_1_337' title='bbox 1342 4441 1382 4507; x_wconf 92' lang='lat' dir='ltr'><strong>ad</strong></span> <span class='ocrx_word' id='word_1_338' title='bbox 1398 4438 1449 4501; x_wconf 81' lang='lat' dir='ltr'><strong>hat</strong></span> 
     </span>
     <span class='ocr_line' id='line_1_37' title="bbox 179 4545 1449 4637; baseline 0.002 -29"><span class='ocrx_word' id='word_1_339' title='bbox 179 4545 388 4632; x_wconf 70' lang='lat' dir='ltr'><strong>phaenomena</strong></span> <span class='ocrx_word' id='word_1_340' title='bbox 402 4551 541 4637; x_wconf 72' lang='lat' dir='ltr'><strong>perfecte</strong></span> <span class='ocrx_word' id='word_1_341' title='bbox 556 4550 751 4637; x_wconf 85' lang='lat' dir='ltr'><strong>explicanda,</strong></span> <span class='ocrx_word' id='word_1_342' title='bbox 768 4550 937 4637; x_wconf 72' lang='lat' dir='ltr'><strong>sepissime</strong></span> <span class='ocrx_word' id='word_1_343' title='bbox 952 4551 1034 4615; x_wconf 89' lang='lat' dir='ltr'><strong>enim</strong></span> <span class='ocrx_word' id='word_1_344' title='bbox 1057 4551 1090 4613; x_wconf 91' lang='lat' dir='ltr'><strong>in</strong></span> <span class='ocrx_word' id='word_1_345' title='bbox 1104 4550 1165 4615; x_wconf 81' lang='lat' dir='ltr'><strong>hic</strong></span> <span class='ocrx_word' id='word_1_346' title='bbox 1179 4553 1352 4635; x_wconf 74' lang='lat' dir='ltr'><strong>quastione</strong></span> <span class='ocrx_word' id='word_1_347' title='bbox 1366 4549 1449 4636; x_wconf 77' lang='lat' dir='ltr'><strong>plus</strong></span> 
     </span>
     <span class='ocr_line' id='line_1_38' title="bbox 180 4650 1453 4746; baseline 0.005 -27"><span class='ocrx_word' id='word_1_348' title='bbox 180 4674 282 4719; x_wconf 83' lang='lat' dir='ltr'><strong>oausoe</strong></span> <span class='ocrx_word' id='word_1_349' title='bbox 305 4655 346 4719; x_wconf 89' lang='lat' dir='ltr'><strong>ad</strong></span> <span class='ocrx_word' id='word_1_350' title='bbox 367 4657 503 4723; x_wconf 90' lang='lat' dir='ltr'><strong>eundem</strong></span> <span class='ocrx_word' id='word_1_351' title='bbox 525 4660 669 4725; x_wconf 81' lang='lat' dir='ltr'><strong>effectum</strong></span> <span class='ocrx_word' id='word_1_352' title='bbox 691 4659 930 4746; x_wconf 89' lang='lat' dir='ltr'><strong>producendum</strong></span> <span class='ocrx_word' id='word_1_353' title='bbox 951 4673 1158 4735; x_wconf 82' lang='lat' dir='ltr'><strong>concurrunt3</strong></span> <span class='ocrx_word' id='word_1_354' title='bbox 1180 4658 1242 4722; x_wconf 91' lang='lat' dir='ltr'><strong>hoc</strong></span> <span class='ocrx_word' id='word_1_355' title='bbox 1257 4674 1363 4725; x_wconf 90' lang='lat' dir='ltr'><strong>autem</strong></span> <span class='ocrx_word' id='word_1_356' title='bbox 1376 4650 1453 4724; x_wconf 68' lang='lat' dir='ltr'><strong>estid</strong></span> 
     </span>
     <span class='ocr_line' id='line_1_39' title="bbox 180 4761 1455 4855; baseline 0.008 -31"><span class='ocrx_word' id='word_1_357' title='bbox 180 4761 283 4845; x_wconf 89' lang='lat' dir='ltr'><strong>ipsum</strong></span> <span class='ocrx_word' id='word_1_358' title='bbox 305 4763 391 4847; x_wconf 92' lang='lat' dir='ltr'><strong>quod</strong></span> <span class='ocrx_word' id='word_1_359' title='bbox 413 4763 551 4830; x_wconf 88' lang='lat' dir='ltr'><strong>calculus</strong></span> <span class='ocrx_word' id='word_1_360' title='bbox 573 4767 625 4830; x_wconf 87' lang='lat' dir='ltr'><strong>illa</strong></span> <span class='ocrx_word' id='word_1_361' title='bbox 647 4765 845 4852; x_wconf 70' lang='lat' dir='ltr'><strong>summopere</strong></span> <span class='ocrx_word' id='word_1_362' title='bbox 868 4766 1043 4851; x_wconf 86' lang='lat' dir='ltr'><strong>implicatus</strong></span> <span class='ocrx_word' id='word_1_363' title='bbox 1068 4780 1100 4832; x_wconf 91' lang='lat' dir='ltr'><strong>et</strong></span> <span class='ocrx_word' id='word_1_364' title='bbox 1122 4767 1273 4832; x_wconf 78' lang='lat' dir='ltr'><strong>molestus</strong></span> <span class='ocrx_word' id='word_1_365' title='bbox 1296 4770 1385 4855; x_wconf 88' lang='lat' dir='ltr'><strong>quasi</strong></span> <span class='ocrx_word' id='word_1_366' title='bbox 1409 4783 1455 4852; x_wconf 72' lang='lat' dir='ltr'><strong>prs</strong></span> 
     </span>
     <span class='ocr_line' id='line_1_40' title="bbox 180 4871 727 4939; baseline 0.007 -4"><span class='ocrx_word' id='word_1_367' title='bbox 180 4883 379 4937; x_wconf 84' lang='lat' dir='ltr'><strong>transennam</strong></span> <span class='ocrx_word' id='word_1_368' title='bbox 393 4871 558 4939; x_wconf 83' lang='lat' dir='ltr'><strong>ostendere</strong></span> <span class='ocrx_word' id='word_1_369' title='bbox 573 4874 657 4938; x_wconf 83' lang='lat' dir='ltr'><strong>visus</strong></span> <span class='ocrx_word' id='word_1_370' title='bbox 671 4888 727 4938; x_wconf 79' lang='lat' dir='ltr'><strong>est.</strong></span> 
     </span>
    </p>
   </div>
   <div class='ocr_carea' id='block_1_3' title="bbox 0 0 1670 5692">
    <p class='ocr_par' dir='ltr' id='par_1_4' title="bbox 0 0 1670 5692">
     <span class='ocr_line' id='line_1_41' title="bbox 0 0 1670 5692; baseline 0 2"><span class='ocrx_word' id='word_1_371' title='bbox 0 0 1670 5692; x_wconf 95' lang='lat' dir='ltr'><strong> </strong></span> 
     </span>
    </p>
   </div>
  </div>
 </body>
</html>
