3330 5692
182 501 245 557 318
434 493 699 570 lNQUlSlTIO
724 492 927 560 PHYSlCA
951 494 1001 559 lN
1024 494 1219 562 CAUSAM

180 666 219 729 ab
240 664 277 728 iis
291 665 345 750 qui
360 666 446 751 sequi
461 665 630 743 deberent;
654 690 694 731 ex
709 690 773 754 quo
789 667 986 732 manifestum
1001 683 1048 733 est
1061 692 1127 733 non
1143 669 1212 731 illos
1227 684 1336 746 aestus,
1360 670 1416 756 qui
1436 670 1464 733 in

179 775 253 859 ipsis
275 774 407 861 syzygiis
429 775 629 839 luminarium
651 778 846 864 contingunt,
870 799 937 841 esse
958 779 1121 856 maximos,
1146 778 1201 843 aad
1218 791 1391 864 sequentes
1405 801 1466 842 ease

179 886 320 969 majores.
367 886 503 972 Hocque
518 887 601 950 idem
616 885 853 975 intelligendum
868 887 966 952 estde
981 889 1108 953 restibus
1123 888 1270 965 minimis,
1287 889 1344 974 qui
1358 889 1464 952 nonin

179 995 261 1079 ipsas
282 995 486 1080 quadraturas
508 997 660 1074 incidunt,
684 998 738 1061 sed
754 995 872 1061 tardius
888 1011 1076 1083 sequuntur:
1100 997 1184 1061 unde
1199 997 1281 1060 ratio
1296 997 1464 1061 luculenter

178 1106 374 1190 perspicitur,
399 1130 455 1170 cur
469 1119 562 1171 aestus
578 1107 642 1172 tam
657 1109 786 1171 maximi
806 1106 899 1194 qudm
914 1109 1034 1173 minimi
1050 1131 1113 1173 non
1136 1108 1211 1193 ipsis
1226 1110 1426 1197 syzygiarmn
1438 1122 1464 1172 et

178 1216 437 1300 quadraturarum
460 1218 693 1301 tempestatibus
716 1217 935 1302 respondeant,
959 1219 1013 1282 sed
1033 1217 1131 1282 seritis
1146 1217 1366 1291 observentur,
1389 1217 1463 1281 tertii

179 1324 297 1389 scilicet
313 1324 440 1390 (leuium
455 1325 503 1389 vel
518 1327 617 1410 quarti
634 1339 705 1410 post
718 1325 787 1389 haec
801 1339 951 1411 tempora.

740 1602 904 1624 ΜἈἈἈ

573 1812 747 1886 CAPUT
775 1810 1060 1886 SEPTIMUM.

232 2011 426 2105 Explicatio
438 2011 694 2105 praecipitarunt
712 2011 1017 2082 Phoeromerorum
1033 2010 1125 2082 circa
1143 2013 1288 2083 AErtum
1306 2014 1426 2087 Muris

686 2131 952 2203 observatorum.

180 2331 203 2408 ᾗ.
221 2336 272 2391 98.
302 2298 354 2392 Iu
382 2325 630 2410 praecedentibus
658 2324 820 2409 Capitibus
844 2323 942 2389 fusius
968 2326 1169 2410 exposuimus
1194 2326 1339 2406 effectus,
1364 2326 1459 2414 quiin

181 2434 259 2497 mari
284 2456 304 2497 a
328 2433 446 2496 viribus
471 2432 531 2496 illis
557 2432 688 2509 duabus,
713 2454 845 2518 quarum
869 2432 966 2496 altera
989 2430 1095 2496 versda
1120 2433 1247 2496 Lunam
1272 2448 1323 2498 est
1345 2435 1457 2507 directa,

180 2545 278 2609 altera
300 2541 405 2608 versris
429 2542 544 2619 Solem,
568 2541 699 2626 produci
721 2542 855 2617 debent3
879 2564 993 2627 eosque
1008 2539 1080 2606 clun
1097 2563 1154 2626 per
1168 2541 1329 2607 calculum
1344 2542 1458 2628 anayt‘a

181 2674 263 2729 cum,
279 2649 346 2715 tdm
360 2672 417 2735 per
433 2649 533 2714 solida
547 2649 708 2713 ratiocinia
722 2649 766 2712 ita
780 2649 1061 2725 determinavimus,
1078 2661 1113 2711 ut
1127 2648 1167 2712 de
1182 2671 1294 2713 eorum
1310 2647 1457 2716 existentil

180 2759 317 2823 dubitari
338 2758 467 2822 omnino
488 2779 552 2820 non
574 2756 676 2833 liceat,
699 2756 725 2819 si
747 2756 872 2842 quidem
895 2755 957 2817 illae
978 2756 1058 2820 viras
1077 2755 1295 2822 admittantur.
1342 2759 1386 2824 At
1398 2753 1458 2820 verb

180 2869 255 2931 istas
269 2867 350 2930 vires
366 2867 399 2930 in
413 2865 533 2930 mundo
544 2867 677 2930 existere
688 2888 752 2929 non
764 2864 864 2929 solum
879 2887 936 2949 per
947 2865 1007 2928 alia
1021 2864 1230 2950 phaenomena
1241 2864 1457 2933 evidentissime

181 2977 391 3062 probavimus,
414 2976 469 3041 sed
492 2977 585 3041 etiam
607 2997 714 3040 earum
736 2998 861 3041 causam
882 2974 1040 3062 physicam
1063 2978 1300 3064 assignavimus,
1325 2978 1454 3066 quantia

180 3086 262 3150 binis
277 3088 456 3165 vorticibus,
480 3111 612 3175 quorum
628 3088 705 3152 alter
720 3088 802 3152 circa
819 3087 934 3164 Solem,
951 3086 1028 3150 alter
1044 3088 1124 3150 circa
1141 3088 1267 3151 Lunam
1291 3090 1333 3152 sit
1358 3087 1453 3153 consti·

181 3211 275 3277 tutuS,
298 3202 469 3285 posuimus,
493 3167 612 3286 quippd
632 3224 703 3286 quae
725 3214 771 3265 est
793 3200 885 3263 unica
907 3200 985 3262 ratio
1001 3198 1072 3263 crim
1093 3201 1279 3285 gravitatem
1296 3200 1364 3264 tdm
1377 3201 1450 3264 mam

182 3307 273 3385 vires,
299 3308 411 3393 quibus
433 3307 568 3391 planetae
584 3308 616 3370 in
632 3309 693 3370 suis
708 3308 816 3372 orbitis
832 3308 914 3370 circa
930 3307 1034 3371 Solem
1050 3308 1259 3385 continentur,
1285 3305 1449 3394 explicandi

181 3414 269 3490 Quin
283 3415 376 3478 etiam
390 3413 459 3477 haec
474 3415 541 3498 ipsa
555 3414 762 3498 phaenomena
783 3415 936 3477 internam
952 3415 1106 3476 vorticum
1122 3429 1313 3479 structuram
1328 3430 1359 3480 et
1376 3414 1446 3478 iudo·

180 3523 243 3587 lem
258 3535 542 3587 commonstrarunt
551 3547 559 3598 ;
583 3523 624 3586 ob
640 3546 736 3609 eaque
752 3523 884 3586 vortices
899 3523 942 3585 ita
957 3536 1153 3606 comparatos
1164 3545 1234 3586 esse
1249 3525 1443 3596 stamimusut

181 3635 262 3698 vires
284 3634 467 3722 centrisugae
492 3634 673 3697 decrescant
697 3633 729 3695 in
752 3631 909 3715 duplicata
935 3633 1054 3695 ratione
1077 3631 1296 3696 distantiarum
1314 3655 1332 3695 a
1350 3627 1442 3693 centra

182 3744 374 3809 eorumdem.
421 3744 528 3820 Quare
553 3742 624 3808 crim
651 3745 684 3807 in
708 3743 758 3807 his
778 3744 895 3807 viribus
916 3744 993 3807 nihil
1019 3743 1155 3831 gratuitb
1176 3743 1406 3814 assumserimua,
1422 3733 1440 3797 ti

181 3851 308 3916 effectus
323 3875 363 3916 ex
378 3853 415 3917 iis
430 3853 554 3916 oriundi
567 3874 638 3915 cum
653 3851 869 3937 phaenornenis
882 3853 975 3916 aestbs
987 3853 1081 3914 maris
1092 3853 1291 3928 conveniant,
1303 3838 1438 3914 certissiml

182 3958 474 4043 nobis'persuadere
488 3960 667 4044 poterimus,
692 3960 724 4022 in
744 3959 906 4047 assignatis
923 3960 1039 4022 viribus
1055 3980 1159 4020 veram
1175 3957 1273 4021 aestus
1288 3955 1375 4020 maris
1386 3969 1435 4014 crr-
1494 3956 1496 4019 ἶ

182 4087 249 4128 sam
271 4068 421 4131 contineri
430 4092 439 4144 ;
462 4068 676 4153 absonumque
697 4066 826 4130 omninb
848 4067 924 4143 sore,
948 4068 973 4129 si
996 4088 1120 4128 causam
1136 4063 1231 4127 aestbs
1247 4065 1339 4128 maris
1352 4063 1379 4123 in
1391 4053 1434 4121 alit

181 4173 297 4237 viribus
312 4176 501 4263 imaginariis
516 4176 680 4261 anquirere
702 4175 860 4239 vellemus.
907 4174 1120 4250 Quamobrem
1139 4173 1171 4233 in
1187 4172 1249 4257 boc
1267 4171 1372 4255 Capite
1383 4183 1433 4231 om·

183 4283 336 4348 stituimus
351 4309 459 4350 ornnes
475 4285 611 4362 effectus,
628 4285 679 4371 qui
697 4284 729 4347 in
745 4285 955 4369 superioribus
967 4283 1130 4366 Capitibus
1146 4282 1278 4364 sparsim
1293 4293 1360 4344 sunt
1372 4267 1435 4341 ulfi»

184 4394 370 4476 conjunctim
387 4409 418 4459 et
433 4395 543 4460 ordine
562 4417 748 4480 proponere,
773 4416 989 4479 summumque
1004 4415 1113 4456 eorum
1129 4414 1316 4455 consensum
1331 4409 1392 4454 cum
1403 4399 1437 4446 εἰ·

183 4501 334 4583 perientiri
349 4503 515 4569 declarare.
562 4505 717 4581 Quoniam
737 4517 839 4568 autem
854 4504 995 4568 nondum
1011 4502 1306 4586 impedimentorum
1322 4526 1339 4564 a
1357 4490 1440 4562 littori·

184 4607 243 4670 bus
256 4609 426 4697 Terrisque
441 4614 644 4677 oriundorum
660 4615 811 4677 rationem
826 4614 1001 4690 habuimus,
1015 4611 1102 4675 facile
1119 4612 1312 4699 intelligitur,
1328 4610 1395 4673 binc
1407 4625 1444 4670 et·

185 4716 269 4780 cludi
286 4718 389 4782 adbuc
404 4720 519 4786 debere
533 4724 685 4808 ejusmodi
708 4723 877 4787 anomalias
892 4725 985 4787 aestds
1002 4725 1105 4800 maris,
1122 4747 1192 4810 quae
1208 4717 1449 4788 evidentissimi·

185 4827 294 4892 'l'erris
310 4829 561 4915 contingentibus
575 4848 678 4898 ortum
694 4833 838 4909 babeant,
855 4836 1027 4919 cujusmodi
1044 4850 1115 4901 sunt
1130 4851 1225 4900 aestus
1241 4837 1292 4900 vel
1307 4835 1452 4900 vehemen-
