3330 5692
189 542 248 600 rat
490 524 833 594 Pultosol’ffltn
857 522 1132 592 NATURALIS
1166 522 1246 604 [Dn
1260 521 1398 588 Murro.
1414 522 1503 586 Srsr.

186 716 307 765 motam
332 697 421 761 illum
444 697 547 780 capita
572 717 697 780 semper
720 694 952 759 comitabuntur
976 706 1009 759 et
1028 693 1066 758 iis
1085 693 1256 758 liberrime
1279 692 1500 757 adhaerebunt

189 807 337 873 Gravitas
352 805 436 895 enim
450 825 603 889 vaporum
617 803 652 866 in
668 802 774 868 Solem
788 823 853 866 non
866 801 967 889 magis
981 800 1095 866 efficiet
1107 814 1145 865 ut
1159 800 1281 864 caudae
1295 814 1414 885 postea
1423 799 1499 864 dad-

188 916 266 980 dant
287 937 305 978 a
327 911 481 996 capitibus
505 910 610 975 Salem
625 931 742 986 versus,
766 907 860 994 quim
877 907 1011 997 gravius
1026 907 1169 993 capitum
1183 907 1320 971 efficere
1335 908 1447 992 possit,
1468 922 1496 970 ut

186 1022 257 1085 haec
279 1017 425 1082 decidant
446 1040 465 1080 a
486 1015 603 1080 caudis.
650 1015 819 1079 Communi
837 1013 990 1102 gravitate
1003 1013 1054 1077 vel
1073 1012 1170 1077 simul
1191 1014 1227 1076 in
1247 1012 1365 1078 Solem
1380 1013 1492 1091 radent,

187 1129 238 1193 vel
253 1125 346 1191 simul
360 1125 392 1188 in
408 1145 540 1188 ascensu
554 1145 612 1187 suo
626 1121 868 1208 retardabantur
876 1144 885 1197 3
900 1119 1034 1206 ideoque
1047 1119 1188 1207 gravitas
1203 1119 1265 1183 illa
1276 1140 1347 1183 non
1362 1120 1491 1206 impedit,

189 1236 253 1324 qui>
275 1232 379 1299 minius
401 1231 511 1297 caudae
532 1244 565 1296 et
586 1233 688 1316 capita
709 1231 896 1316 positionem
911 1250 1128 1315 quamcunque
1144 1229 1190 1293 ad
1204 1230 1353 1295 invicem
1368 1232 1489 1296 sumu

184 1347 251 1431 jam
273 1340 447 1425 descriptis,
470 1354 525 1404 aut
545 1339 613 1403 aliis
635 1338 874 1424 quibuscunque
888 1335 1033 1402 hennae
1048 1337 1210 1423 accipiant
1225 1350 1263 1401 et
1279 1352 1395 1423 postea
1405 1339 1488 1403 liber·

189 1452 268 1518 rime
283 1461 416 1517 servent.

235 1563 356 1630 Caudae
378 1562 484 1650 igitur,
512 1581 584 1646 quoe
608 1559 642 1624 in
667 1573 858 1624 cometarum
886 1558 1044 1644 periheliis
1069 1572 1265 1637 nascrmtur,
1296 1561 1332 1623 in
1357 1561 1485 1649 regiones

187 1675 376 1762 longinquas
398 1695 470 1737 cum
492 1692 602 1735 eorum
623 1671 776 1756 capitibus
791 1669 931 1747 abibunt,
947 1684 978 1734 et
992 1661 1137 1734 vel'inde
1153 1682 1232 1755 post
1252 1669 1388 1759 longam
1402 1693 1486 1734 anno

188 1807 260 1850 rum
275 1783 387 1848 seriem
402 1803 475 1846 cum
489 1780 599 1844 iisdem
615 1781 655 1844 ad
670 1802 728 1844 nos
743 1779 900 1858 redibunt,
917 1778 966 1843 vel
979 1775 1083 1862 potiris
1098 1777 1143 1841 ibi
1158 1777 1337 1844 rarefactae
1350 1780 1486 1866 paulatin

189 1908 383 1961 evanescent.
422 1894 505 1959 Nam
531 1906 640 1978 postea
663 1894 696 1957 in
720 1893 871 1959 descensu
896 1890 1034 1977 capitum
1060 1887 1102 1952 ad
1128 1887 1246 1954 Solem
1273 1890 1388 1954 caudae
1410 1913 1486 1954 aare

189 2001 393 2067 breviusculae
407 1999 493 2064 lenta
504 2013 591 2063 motu
606 1983 626 2063 a
640 1999 794 2085 capitibus
807 1997 976 2087 propagari
988 1995 1159 2073 debebunt,
1173 2008 1207 2060 et
1217 1996 1364 2061 subinde
1375 1998 1407 2061 in
1416 2000 1485 2083 peri·

187 2112 279 2177 heliis
299 2125 491 2175 cometarum
513 2110 648 2188 illorum,
672 2111 726 2196 qui
747 2110 789 2174 ad
811 2133 910 2199 usque
923 2107 1167 2193 atmosphoeram
1185 2108 1278 2173 Solis
1294 2110 1484 2187 desoenderrt,

188 2224 222 2288 in
244 2224 431 2288 immensum
452 2222 582 2309 augeri·
614 2222 724 2309 Vapor
749 2223 834 2287 enim
859 2223 891 2286 in
916 2220 1023 2308 spatiis
1047 2220 1108 2283 illis
1138 2219 1324 2287 liberrimis
1348 2224 1485 2309 panpwri

188 2332 319 2397 rarescit
339 2353 376 2396 ac
398 2331 554 2396 dilatatur.
600 2331 673 2408 Qut
695 2333 815 2399 ratione
836 2332 873 2397 fit
893 2345 929 2397 ut
950 2331 1050 2396 cauda
1071 2332 1175 2394 omnis
1196 2331 1242 2395 ad
1267 2335 1482 2399 extremitatem

188 2442 382 2528 superiorem
404 2441 496 2507 latior
517 2442 558 2505 sit
578 2438 672 2527 quam
689 2443 782 2529 juxta
801 2455 896 2528 caput
909 2454 1048 2507 cometae.
1095 2441 1143 2505 Fa
1159 2456 1276 2507 autem
1293 2445 1482 2511 messoriane

188 2575 337 2638 vaporem
359 2552 511 2639 perpetui>
532 2552 695 2619 dilatatum
710 2552 844 2618 diffirndi
866 2552 992 2618 tandem
1006 2565 1038 2616 et
1052 2553 1159 2640 spargi
1175 2575 1238 2638 per
1254 2555 1359 2622 coelas
1375 2558 1479 2622 umre-

188 2684 251 2740 sos,
274 2659 389 2726 deinde
410 2661 560 2746 paulatim
583 2661 616 2724 in
636 2661 777 2746 planetas
798 2681 856 2746 per
877 2660 1062 2747 gravitatem
1087 2681 1179 2722 suam
1203 2662 1344 2740 attrahi,
1368 2679 1399 2728 et
1419 2686 1479 2727 mn

188 2793 298 2835 eorum
314 2771 530 2856 atmosphaeris
545 2770 678 2847 misceri,
701 2768 817 2833 rationi
837 2781 1080 2833 consentaneum
1095 2767 1234 2832 videtur.
1288 2771 1375 2836 Nam
1389 2794 1482 2859 quan

187 2877 358 2942 admodum
380 2879 479 2943 maria
504 2880 545 2943 ad
570 2875 822 2945 constitutionem
846 2877 957 2944 Terrae
985 2877 1078 2963 hujus
1107 2878 1244 2944 omnino
1280 2884 1483 2968 requinrnnrr,

192 2989 288 3075 idque
311 3002 346 3053 ut
367 3012 407 3053 ex
429 2990 466 3053 iis
487 3012 545 3074 per
565 2989 701 3054 calorem
724 2989 805 3054 Solis
826 3010 957 3073 vapores
979 2986 1105 3071 copiose
1127 2989 1204 3052 satis
1220 2992 1414 3068 excitentur,
1435 2992 1482 3078 qni

188 3099 237 3161 vel
253 3099 285 3160 in
301 3099 400 3161 nubes
416 3100 514 3162 coacti
530 3099 676 3163 decidant
696 3099 729 3161 in
751 3099 873 3184 pluviis,
893 3111 924 3163 et
945 3099 1078 3161 Terram
1093 3120 1222 3162 omnem
1241 3101 1285 3164 ad
1303 3104 1482 3186 procreatio

188 3235 259 3275 nem
275 3212 495 3298 vegetabilium
518 3212 650 3299 irrigent
665 3224 696 3275 et
710 3212 867 3286 nutriant3
890 3210 939 3274 vel
961 3211 993 3271 in
1009 3208 1128 3296 frigidis
1144 3213 1309 3274 montium
1327 3214 1481 3276 verticibus

188 3321 368 3384 condensati
384 3325 395 3403 (
413 3323 452 3404 (ὅ)
469 3333 503 3384 ut
518 3320 614 3407 aliqui
628 3343 700 3384 cum
715 3321 835 3384 ratione
849 3318 1125 3404 philosophantur)
1147 3318 1328 3385 decurrant
1343 3324 1374 3384 iu
1390 3323 1480 3384 fantes

189 3444 219 3494 et
233 3431 379 3494 flumina:
396 3431 440 3494 sic
455 3431 496 3494 ad
511 3431 777 3494 conservationem
793 3430 925 3493 marium
942 3442 972 3493 et
988 3429 1155 3491 humorum
1173 3428 1204 3489 in
1222 3430 1361 3512 planetis
1373 3430 1478 3515 requiri

189 3538 333 3601 videntur
357 3552 496 3615 cometae,
525 3562 566 3602 ex
589 3561 722 3624 quorum
747 3538 996 3602 exhalationibus
1022 3550 1053 3599 et
1077 3537 1248 3621 vaporibus
1277 3540 1476 3612 condensatis,

186 3645 334 3729 quicquid
360 3644 488 3730 liquoris
513 3667 570 3728 per
593 3646 820 3731 vegetationem
846 3657 876 3707 et
903 3641 1161 3726 putrefactionem
1185 3647 1386 3708 consumitur
1405 3661 1433 3707 et
1450 3646 1477 3705 in

187 3752 320 3815 Terram
346 3752 464 3815 aridam
488 3753 688 3828 convertitur,
721 3750 869 3814 continuit
896 3750 1033 3834 suppleri
1057 3764 1087 3813 et
1110 3749 1197 3813 refici
1227 3755 1341 3834 possit
1402 3753 1476 3816 Nam

186 3863 369 3945 vegetabilis
385 3864 489 3926 omnia
503 3886 542 3926 ex
558 3864 730 3948 liquoribus
746 3862 874 3926 omnino
890 3877 1042 3938 crescunt,
1066 3862 1137 3926 dein
1155 3866 1276 3949 magni
1294 3889 1334 3928 ex
1349 3867 1476 3950 partein

188 3969 323 4030 Terram
340 3968 458 4031 aridam
473 3991 531 4053 per
544 3970 803 4054 putrefactionem
819 3971 944 4046 abeunt,
969 3985 999 4035 et
1018 3970 1108 4033 limus
1124 3992 1163 4032 ex
1182 3971 1362 4056 liquoribus
1377 3989 1475 4058 putre·

184 4078 273 4143 factis
295 4081 448 4164 perpetuis
470 4081 595 4145 decidit
643 4082 731 4146 Hinc
752 4083 851 4146 moles
875 4082 986 4144 Terrae
1008 4081 1104 4143 aridae
1129 4081 1254 4145 indies
1278 4098 1421 4171 augetur,
1449 4103 1474 4145 et

183 4190 329 4276 liquores,
346 4192 407 4254 nisi
422 4191 547 4255 aliunde
562 4205 766 4279 augmentum
778 4206 945 4267 sumerent,
958 4190 1110 4276 perpetuo
1122 4189 1309 4256 decrescere
1320 4194 1473 4263 deberent

189 4323 225 4364 ac
240 4302 365 4366 tandem
382 4302 524 4366 deficere.
565 4301 666 4366 Porro
681 4303 823 4385 suspicor
838 4303 982 4386 spiritum
1003 4302 1100 4377 illum,
1124 4302 1178 4385 qui
1195 4302 1279 4366 acris
1296 4307 1394 4367 nostri
1410 4327 1459 4389 par

184 4411 311 4474 minima
326 4426 383 4489 est,
400 4412 455 4475 sed
470 4413 670 4475 subtilissima
684 4425 715 4474 et
730 4413 858 4495 optima,
881 4427 912 4476 et
927 4412 965 4476 ad
982 4435 1086 4476 rerum
1100 4413 1243 4476 omnium
1261 4416 1358 4479 vitam
1378 4417 1470 4501 requi-

182 4518 270 4595 ritur,
287 4542 326 4583 ex
342 4522 469 4586 cometis
484 4520 641 4606 praecipue
656 4523 770 4585 venire

214 4712 249 4776 (¹)
269 4715 280 4741 ⁸
299 4713 329 4759 tn
348 4716 419 4776 aiiqru
437 4733 492 4763 cum
512 4718 599 4763 ratione
616 4718 810 4776 philosophantur.
844 4715 962 4762 munuca
984 4714 1117 4775 Philoscph.
1136 4731 1173 4762 an.
1190 4721 1260 4765 1687.
1280 4724 1351 4771 test
1368 4726 1425 4769 1723
1448 4729 1468 4764 «1

183 4777 307 4824 llarumce
318 4777 507 4837 philosophorum
520 4779 704 4826 rationesvidere
712 4791 747 4825 est
758 4795 808 4838 pas-
843 4780 952 4828 Manum.
969 4779 1042 4828 Acsd.
1060 4780 1132 4828 Paris.
1145 4795 1182 4830 an.
1201 4786 1271 4832 1103.

180 4842 224 4889 airu
242 4841 305 4901 apud
324 4856 405 4887 amnes
416 4843 524 4890 cultiores
539 4845 651 4906 physicos.
690 4844 810 4906 Leguntur
