3330 5692
454 598 645 665 FLUXUS
667 601 728 665 Ac
755 599 1010 666 REFLUXUS
1034 601 1192 667 MARIS.
1403 609 1467 665 289

177 767 266 833 sinus
287 767 466 836 elevationis
488 772 552 855 poli
574 799 605 832 =
627 772 664 849 P,
688 773 774 836 sinus
794 773 1010 837 declinationis
1032 773 1167 842 borealis
1190 773 1299 857 puncti
1321 771 1402 836 L:
1424 772 1467 848 Q,

176 874 292 938 namsi
306 875 472 941 declinatio
487 879 527 941 sit
541 879 696 956 australis,
720 879 807 942 sinus
824 879 857 954 Q
872 881 952 942 sumi
969 878 1064 943 debet
1080 878 1232 965 negative,
1256 879 1380 941 casinus
1394 878 1469 941 vero

177 982 402 1065 respondentes
424 985 486 1049 sint
507 1007 529 1070 p
545 999 576 1050 et
591 1010 621 1072 q,
645 988 817 1070 reperietur
833 988 918 1050 sinus
934 988 1105 1052 altitudinis
1122 988 1150 1052 L
1166 1010 1261 1072 supra
1275 986 1469 1050 horizontem

178 1108 399 1180 =v=tpq
419 1105 450 1170 -1-
473 1093 569 1171 PQ:
594 1098 763 1183 punctique
786 1097 797 1159 l
819 1098 904 1160 sinus
925 1098 1094 1162 altitudinis
1114 1121 1134 1160 v
1154 1107 1185 1173 -Ι-
1206 1097 1410 1181 dv=tpq
1431 1104 1464 1172 -Ι-

181 1201 208 1264 P
225 1200 257 1275 Q
278 1211 311 1276 ÷
332 1201 399 1284 Tp
415 1225 435 1287 q
451 1202 472 1264 d
487 1210 508 1265 θ.
565 1203 722 1278 Quocirca
744 1205 770 1266 si
791 1203 884 1267 Luna
1436 1246 1441 1255 ·

178 1322 315 1394 ponatur
337 1310 370 1372 in
390 1310 429 1386 L,
454 1307 527 1373 ciun
542 1314 608 1396 ejus
622 1313 668 1375 vis
683 1312 723 1376 ad
737 1334 824 1375 mare
839 1324 886 1374 at-

509 1428 526 1482 3
543 1443 594 1483 vv
608 1460 652 1471 —
669 1423 700 1501 l)

536 1518 617 1582 ab³
630 1510 680 1516 “
703 1508 712 1538 ’

180 1629 226 1692 vis
248 1630 485 1694 imerementum
504 1634 700 1716 tempusculo
715 1634 737 1697 d
753 1642 766 1695 θ
780 1645 883 1697 ortum

180 1741 434 1839 -Q-
451 1743 873 1829 ³L<trq÷1>QlTusd⁶

179 1836 215 1847 ..
285 1842 334 1905 b⁵
399 1837 434 1847 -
448 1824 883 1908 ——b—3--.

180 1457 353 1522 tollendum
363 1458 402 1521 sit
411 1417 505 1514 :If-i
723 1462 782 1524 erit
791 1460 884 1544 hujus

181 1955 226 2017 At
241 1953 268 2016 si
285 1952 339 2017 Sol
354 1967 490 2037 ponatur
505 1955 538 2017 iu
550 1954 589 2031 L,
603 1956 668 2039 ejus
683 1955 729 2017 vis
745 1953 785 2017 ad
799 1976 884 2017 mare

179 2061 366 2126 elevandum
381 2063 576 2146 tempuscula
598 2063 618 2125 d
635 2069 648 2123 t
662 2064 763 2147 capiet
784 2062 885 2127 incre-

180 2221 366 2276 mentum:
379 2171 885 2281 Q.

603 2294 622 2333 a
636 2282 647 2304 a

184 2381 336 2457 Quamvis
350 2394 455 2444 autem
469 2402 528 2463 pro
545 2379 618 2443 Sole
633 2392 664 2442 et
679 2379 771 2443 Lunai
786 2381 889 2444 eidem
909 2379 1025 2467 angulo
1040 2379 1062 2442 d
1077 2385 1090 2439 θ
1104 2400 1168 2441 non
1183 2378 1315 2462 aequalia
1329 2389 1470 2460 tempora
1496 2391 1503 2405 ·

181 2489 401 2573 respondeant,
424 2500 527 2551 tamen
551 2488 624 2572 quia
645 2510 682 2549 ea
702 2488 847 2572 proxime
869 2488 910 2552 ad
932 2487 1084 2550 rationem
1105 2485 1290 2572 aequalitatis
1306 2484 1468 2561 accedunt,

182 2611 255 2658 sunt
281 2597 364 2658 enim
391 2608 426 2658 ut
451 2603 492 2657 24
519 2594 559 2657 ad
586 2600 648 2678 24}
675 2618 729 2658 seu
756 2608 791 2659 ut
817 2604 857 2659 32
884 2596 924 2660 ad
952 2605 1003 2671 33,
1032 2595 1097 2658 sine
1124 2594 1262 2657 sensibili
1284 2615 1389 2655 errore
1410 2615 1470 2676 pro

182 2703 355 2790 aequalibus
384 2704 493 2767 haberi
525 2715 682 2787 poterunt.
743 2704 873 2768 Interim
904 2717 1008 2768 tamen
1039 2706 1065 2768 si
1085 2726 1143 2766 res
1174 2701 1316 2765 accurate
1346 2702 1470 2765 definiri

184 2815 307 2891 debeat,
346 2827 377 2877 et
412 2814 458 2876 vis
497 2813 578 2878 Solis
614 2815 840 2877 incrementum
876 2814 992 2900 angulo
1052 2811 1100 2874 do
1136 2810 1321 2896 acquisitum
1358 2811 1398 2873 sit
1434 2836 1469 2863 =

180 2920 521 3083 ffllfflssgssgl
539 2920 570 2982 T
585 2943 606 3004 Ρ
621 2944 639 3005 q
656 2921 676 2983 d
692 2928 714 3036 θ,
738 2959 797 3022 erit
818 2960 865 3023 vis
888 2960 989 3023 Lunae
1011 2957 1237 3020 incrementum
1259 2958 1370 3021 eodem
1392 2970 1470 3022 tem-

181 3170 315 3256 pusculo
330 3181 491 3254 acceptum
506 3194 540 3222 =
553 3130 1088 3294 QQ.
1144 3167 1195 3233 Ex
1220 3170 1269 3232 his
1289 3169 1471 3257 intelligitur

181 3343 251 3408 hoec
277 3344 470 3406 incrementa
492 3341 591 3405 tribus
617 3341 738 3404 casibus
761 3354 955 3418 evanescere,
979 3365 1112 3428 quorum
1137 3319 1257 3428 primus
1281 3344 1384 3409 evenit
1412 3342 1470 3406 sub

181 3451 272 3535 polis,
290 3450 362 3536 quia
378 3450 420 3512 ibi
436 3462 483 3512 est
498 3472 565 3534 p=
578 3458 619 3523 03
643 3447 805 3524 secundus,
823 3448 848 3510 si
863 3461 1014 3531 punctum
1031 3450 1060 3514 L
1075 3452 1108 3514 in
1123 3452 1296 3515 meridiano
1312 3451 1351 3515 sit
1365 3455 1469 3525 situm,

182 3572 249 3623 tum
265 3559 350 3621 euim
365 3558 401 3620 lit
416 3557 447 3619 T
461 3584 496 3610 =
511 3567 552 3630 03
575 3556 684 3618 tertius
699 3553 833 3640 denique
848 3554 951 3617 locum
966 3555 1069 3634 habet,
1086 3558 1113 3621 si
1126 3570 1277 3642 punctum
1294 3558 1322 3622 L
1338 3558 1370 3619 in
1385 3555 1471 3620 hori-

182 3680 272 3731 zonte
288 3666 411 3740 existat,
428 3664 482 3726 ubi
498 3675 544 3726 est
559 3675 572 3724 t
586 3684 607 3745 p
623 3684 643 3746 q
657 3663 690 3726 ÷
709 3661 736 3723 P
753 3662 834 3736 Q=
849 3672 880 3725 0.

223 3780 319 3857 MS.
345 3772 506 3836 Ponamus
529 3791 614 3832 nunc
638 3769 743 3832 Solem
765 3770 798 3831 in
821 3769 849 3831 L
872 3771 988 3832 versari
1004 3793 1041 3834 ac
1056 3771 1180 3836 Lunam
1194 3795 1251 3857 per
1264 3771 1472 3836 meridianum

171 3885 244 3969 jam
259 3883 428 3959 transiisse,
445 3881 567 3965 hocque
582 3891 742 3942 momento
758 3878 894 3949 maxime
909 3901 1021 3964 aquarn
1037 3902 1103 3944 esse
1119 3882 1288 3958 elevatam3
1306 3883 1373 3965 jam
1388 3881 1474 3944 enim

178 3991 376 4056 ostendimus
392 3991 468 4054 dum
487 3989 542 4053 Sol
557 3989 596 4051 ab
611 3987 772 4050 horizonte
787 3986 914 4064 recedit,
938 4011 1052 4073 aquam
1068 4014 1221 4054 summam
1242 3991 1380 4054 incidere
1400 4002 1474 4074 post
1505 4007 1508 4013 ’

178 4102 348 4166 transitum
371 4100 473 4163 Luuae
495 4121 552 4183 per
574 4097 791 4160 meridianum.
837 4097 913 4160 Hoc
935 4120 1011 4185 ergo
1032 4116 1192 4167 momento
1213 4122 1339 4166 necesse
1358 4114 1415 4178 eat,
1438 4112 1474 4165 ut

178 4211 416 4276 decrementum
428 4210 473 4270 vis
487 4208 598 4283 Lunoe,
610 4204 694 4291 quod
705 4204 900 4288 tempusculo
911 4204 1090 4288 dtpatitur,
1103 4209 1222 4294 oequale
1233 4209 1273 4272 sit
1282 4209 1474 4272 incremento

180 4322 227 4385 ris
245 4321 328 4386 Solis
343 4320 454 4384 eodem
470 4332 611 4401 tempore
623 4327 762 4398 accepto.
795 4315 843 4378 Sit
857 4315 952 4400 igitur
963 4316 1069 4403 anguli
1081 4317 1198 4381 horarii
1208 4318 1249 4382 ad
1260 4318 1368 4410 polum
1380 4317 1475 4382 sumti

182 4450 245 4514 quo
269 4428 363 4491 Luna
380 4428 447 4510 jam
472 4449 492 4488 a
513 4424 686 4487 meridiano
708 4422 844 4498 recessit,
868 4422 992 4485 cosinus
1006 4450 1041 4477 =
1056 4446 1088 4502 n,
1112 4425 1197 4488 sinus
1211 4454 1246 4480 =
1262 4425 1305 4502 N,
1326 4438 1419 4510 atque
1435 4425 1475 4487 sit

184 4536 286 4600 Lunae
303 4533 517 4597 declinationis
533 4531 666 4595 borealis
681 4529 766 4593 sinus
776 4557 811 4583 =
825 4528 865 4604 R,
883 4529 1006 4592 cosinus
1017 4558 1052 4584 =
1064 4554 1091 4608 r,
1107 4533 1273 4618 exquibus
1287 4533 1406 4596 orietur
1419 4532 1475 4595 de·

183 4695 378 4748 crementum
393 4681 439 4745 vis
453 4683 554 4745 Lunae
569 4679 765 4764 tempuscula
780 4678 801 4740 d
813 4686 826 4738 t
837 4690 942 4741 ortum
951 4705 987 4733 ==
1000 4731 1008 4739 ,
1020 4641 1058 4738 ,L
1069 4646 1134 4726 (np
1146 4643 1247 4805 f'l'bp
1259 4643 1302 4722 R)
1316 4643 1349 4707 N
1360 4667 1381 4727 P
1393 4642 1463 4705 'dl

182 4856 268 4945 quod
294 4855 367 4920 ciuu
389 4854 509 4941 aequale
532 4876 598 4919 esse
621 4852 733 4917 debeat
755 4853 948 4918 incremento
970 4852 1017 4915 vis
1041 4851 1122 4918 Solis
1145 4851 1256 4918 eodem
1278 4853 1475 4938 tempuscula

775 4963 826 5011 xa
1038 4956 1040 4960 '
