<?xml version="1.0" encoding="UTF-8"?>
<!DOCTYPE html PUBLIC "-//W3C//DTD XHTML 1.0 Transitional//EN"
    "http://www.w3.org/TR/xhtml1/DTD/xhtml1-transitional.dtd">
<html xmlns="http://www.w3.org/1999/xhtml" xml:lang="en" lang="en">
 <head>
  <title>
</title>
<meta http-equiv="Content-Type" content="text/html;charset=utf-8" />
  <meta name='ocr-system' content='tesseract 3.04.00' />
  <meta name='ocr-capabilities' content='ocr_page ocr_carea ocr_par ocr_line ocrx_word'/>
</head>
<body>
  <div class='ocr_page' id='page_1' title='image "./philosophiaenat01newtgoog_0021.png"; bbox 0 0 3330 5692; ppageno 0'>
   <div class='ocr_carea' id='block_1_1' title="bbox 101 538 1388 620">
    <p class='ocr_par' dir='ltr' id='par_1_1' title="bbox 101 538 1388 620">
     <span class='ocr_line' id='line_1_1' title="bbox 101 538 1388 620; baseline -0.004 -17"><span class='ocrx_word' id='word_1_1' title='bbox 101 538 182 603; x_wconf 76' lang='lat' dir='ltr'><strong>Car.</strong></span> <span class='ocrx_word' id='word_1_2' title='bbox 200 538 247 620; x_wconf 83' lang='lat' dir='ltr'><strong>1.J</strong></span> <span class='ocrx_word' id='word_1_3' title='bbox 480 540 546 605; x_wconf 84' lang='lat' dir='ltr'><strong>AD</strong></span> <span class='ocrx_word' id='word_1_4' title='bbox 570 539 792 605; x_wconf 87' lang='lat' dir='ltr'>TERTIUM</span> <span class='ocrx_word' id='word_1_5' title='bbox 817 538 1014 604; x_wconf 84' lang='lat' dir='ltr'><strong>LIBRUM.</strong></span> <span class='ocrx_word' id='word_1_6' title='bbox 1169 574 1173 579; x_wconf 91' lang='lat'>·</span> <span class='ocrx_word' id='word_1_7' title='bbox 1348 559 1388 599; x_wconf 81' lang='lat' dir='ltr'><strong>xv</strong></span> 
     </span>
    </p>
   </div>
   <div class='ocr_carea' id='block_1_2' title="bbox 99 708 1409 4813">
    <p class='ocr_par' dir='ltr' id='par_1_2' title="bbox 99 708 1393 1316">
     <span class='ocr_line' id='line_1_2' title="bbox 99 708 1390 785; baseline -0.002 -12"><span class='ocrx_word' id='word_1_8' title='bbox 99 710 272 777; x_wconf 88' lang='lat' dir='ltr'><strong>distabunt</strong></span> <span class='ocrx_word' id='word_1_9' title='bbox 318 708 426 785; x_wconf 70' lang='lat' dir='ltr'><strong>Quart</strong></span> <span class='ocrx_word' id='word_1_10' title='bbox 450 710 477 774; x_wconf 90' lang='lat' dir='ltr'><strong>si</strong></span> <span class='ocrx_word' id='word_1_11' title='bbox 502 711 600 775; x_wconf 84' lang='lat' dir='ltr'><strong>stellae</strong></span> <span class='ocrx_word' id='word_1_12' title='bbox 623 713 697 776; x_wconf 86' lang='lat' dir='ltr'><strong>fixae</strong></span> <span class='ocrx_word' id='word_1_13' title='bbox 723 712 895 778; x_wconf 89' lang='lat' dir='ltr'><strong>meridiano</strong></span> <span class='ocrx_word' id='word_1_14' title='bbox 920 713 1031 776; x_wconf 73' lang='lat' dir='ltr'><strong>vicina</strong></span> <span class='ocrx_word' id='word_1_15' title='bbox 1053 710 1186 776; x_wconf 84' lang='lat' dir='ltr'><strong>altitudo</strong></span> <span class='ocrx_word' id='word_1_16' title='bbox 1208 709 1390 773; x_wconf 81' lang='lat' dir='ltr'>observetur</span> 
     </span>
     <span class='ocr_line' id='line_1_3' title="bbox 100 815 1390 905; baseline -0.001 -25"><span class='ocrx_word' id='word_1_17' title='bbox 100 818 206 882; x_wconf 78' lang='lat' dir='ltr'><strong>versus</strong></span> <span class='ocrx_word' id='word_1_18' title='bbox 229 818 394 894; x_wconf 84' lang='lat' dir='ltr'>orientem,</span> <span class='ocrx_word' id='word_1_19' title='bbox 411 830 443 882; x_wconf 91' lang='lat' dir='ltr'><strong>et</strong></span> <span class='ocrx_word' id='word_1_20' title='bbox 464 818 577 882; x_wconf 73' lang='lat' dir='ltr'><strong>deinde</strong></span> <span class='ocrx_word' id='word_1_21' title='bbox 598 820 755 905; x_wconf 90' lang='lat' dir='ltr'><strong>quadrans</strong></span> <span class='ocrx_word' id='word_1_22' title='bbox 778 818 861 884; x_wconf 76' lang='lat' dir='ltr'><strong>circd</strong></span> <span class='ocrx_word' id='word_1_23' title='bbox 883 820 970 883; x_wconf 86' lang='lat' dir='ltr'><strong>filum</strong></span> <span class='ocrx_word' id='word_1_24' title='bbox 994 818 1140 883; x_wconf 88' lang='lat' dir='ltr'><strong>verticale</strong></span> <span class='ocrx_word' id='word_1_25' title='bbox 1155 819 1317 882; x_wconf 88' lang='lat' dir='ltr'><strong>immotum</strong></span> <span class='ocrx_word' id='word_1_26' title='bbox 1333 815 1390 879; x_wconf 84' lang='lat' dir='ltr'><strong>ced</strong></span> 
     </span>
     <span class='ocr_line' id='line_1_4' title="bbox 100 923 1392 1010; baseline -0.002 -22"><span class='ocrx_word' id='word_1_27' title='bbox 100 927 183 990; x_wconf 83' lang='lat' dir='ltr'><strong>circa</strong></span> <span class='ocrx_word' id='word_1_28' title='bbox 208 948 304 989; x_wconf 84' lang='lat' dir='ltr'><strong>axem</strong></span> <span class='ocrx_word' id='word_1_29' title='bbox 328 939 527 990; x_wconf 85' lang='lat' dir='ltr'><strong>convertatur</strong></span> <span class='ocrx_word' id='word_1_30' title='bbox 551 927 659 990; x_wconf 85' lang='lat' dir='ltr'><strong>versds</strong></span> <span class='ocrx_word' id='word_1_31' title='bbox 686 928 880 993; x_wconf 85' lang='lat' dir='ltr'><strong>occidentem</strong></span> <span class='ocrx_word' id='word_1_32' title='bbox 906 941 938 991; x_wconf 90' lang='lat' dir='ltr'><strong>et</strong></span> <span class='ocrx_word' id='word_1_33' title='bbox 963 938 1144 1010; x_wconf 76' lang='lat' dir='ltr'><strong>expectetur</strong></span> <span class='ocrx_word' id='word_1_34' title='bbox 1173 925 1274 988; x_wconf 89' lang='lat' dir='ltr'><strong>donec</strong></span> <span class='ocrx_word' id='word_1_35' title='bbox 1303 923 1392 987; x_wconf 89' lang='lat' dir='ltr'><strong>stella</strong></span> 
     </span>
     <span class='ocr_line' id='line_1_5' title="bbox 100 1032 1393 1121; baseline -0.002 -24"><span class='ocrx_word' id='word_1_36' title='bbox 100 1033 236 1097; x_wconf 87' lang='lat' dir='ltr'><strong>eandem</strong></span> <span class='ocrx_word' id='word_1_37' title='bbox 260 1032 459 1097; x_wconf 77' lang='lat' dir='ltr'>altitudinem</span> <span class='ocrx_word' id='word_1_38' title='bbox 483 1033 608 1112; x_wconf 90' lang='lat' dir='ltr'><strong>habeat,</strong></span> <span class='ocrx_word' id='word_1_39' title='bbox 636 1046 720 1100; x_wconf 85' lang='lat' dir='ltr'><strong>recta</strong></span> <span class='ocrx_word' id='word_1_40' title='bbox 742 1059 812 1121; x_wconf 73' lang='lat' dir='ltr'><strong>quae</strong></span> <span class='ocrx_word' id='word_1_41' title='bbox 833 1035 976 1101; x_wconf 81' lang='lat' dir='ltr'><strong>bifariam</strong></span> <span class='ocrx_word' id='word_1_42' title='bbox 998 1035 1117 1101; x_wconf 87' lang='lat' dir='ltr'><strong>dividet</strong></span> <span class='ocrx_word' id='word_1_43' title='bbox 1138 1034 1287 1119; x_wconf 83' lang='lat' dir='ltr'><strong>angulum</strong></span> <span class='ocrx_word' id='word_1_44' title='bbox 1312 1034 1393 1095; x_wconf 76' lang='lat' dir='ltr'><strong>inter</strong></span> 
     </span>
     <span class='ocr_line' id='line_1_6' title="bbox 101 1140 1393 1228; baseline -0.001 -24"><span class='ocrx_word' id='word_1_45' title='bbox 101 1142 180 1205; x_wconf 89' lang='lat' dir='ltr'><strong>duas</strong></span> <span class='ocrx_word' id='word_1_46' title='bbox 202 1141 384 1227; x_wconf 85' lang='lat' dir='ltr'><strong>quadrantis</strong></span> <span class='ocrx_word' id='word_1_47' title='bbox 409 1163 481 1204; x_wconf 87' lang='lat' dir='ltr'><strong>curn</strong></span> <span class='ocrx_word' id='word_1_48' title='bbox 502 1141 664 1206; x_wconf 73' lang='lat' dir='ltr'><strong>horizonte</strong></span> <span class='ocrx_word' id='word_1_49' title='bbox 691 1144 925 1209; x_wconf 85' lang='lat' dir='ltr'><strong>intersectiones</strong></span> <span class='ocrx_word' id='word_1_50' title='bbox 946 1142 1214 1228; x_wconf 88' lang='lat' dir='ltr'><strong>comprehensum,</strong></span> <span class='ocrx_word' id='word_1_51' title='bbox 1238 1141 1296 1202; x_wconf 89' lang='lat' dir='ltr'><strong>erit</strong></span> <span class='ocrx_word' id='word_1_52' title='bbox 1312 1140 1393 1203; x_wconf 88' lang='lat' dir='ltr'><strong>linea</strong></span> 
     </span>
     <span class='ocr_line' id='line_1_7' title="bbox 102 1251 289 1316; baseline -0.005 -2"><span class='ocrx_word' id='word_1_53' title='bbox 102 1251 289 1316; x_wconf 81' lang='lat' dir='ltr'><strong>meridiana.</strong></span> 
     </span>
    </p>

    <p class='ocr_par' dir='ltr' id='par_1_3' title="bbox 101 1357 961 1874">
     <span class='ocr_line' id='line_1_8' title="bbox 149 1357 809 1441; baseline 0.003 -21"><span class='ocrx_word' id='word_1_54' title='bbox 149 1367 199 1423; x_wconf 80' lang='lat'><strong>13.</strong></span> <span class='ocrx_word' id='word_1_55' title='bbox 223 1357 319 1422; x_wconf 87' lang='lat' dir='ltr'><strong>Datis</strong></span> <span class='ocrx_word' id='word_1_56' title='bbox 341 1377 399 1441; x_wconf 88' lang='lat' dir='ltr'><strong>per</strong></span> <span class='ocrx_word' id='word_1_57' title='bbox 431 1357 663 1422; x_wconf 86' lang='lat' dir='ltr'><strong>observationes</strong></span> <span class='ocrx_word' id='word_1_58' title='bbox 688 1360 809 1423; x_wconf 84' lang='lat' dir='ltr'><strong>duabus</strong></span> 
     </span>
     <span class='ocr_line' id='line_1_9' title="bbox 101 1463 808 1551; baseline -0.003 -20"><span class='ocrx_word' id='word_1_59' title='bbox 101 1466 243 1551; x_wconf 86' lang='lat' dir='ltr'><strong>ejusdem</strong></span> <span class='ocrx_word' id='word_1_60' title='bbox 261 1463 359 1528; x_wconf 84' lang='lat' dir='ltr'><strong>atellae</strong></span> <span class='ocrx_word' id='word_1_61' title='bbox 381 1487 541 1550; x_wconf 86' lang='lat' dir='ltr'><strong>nunquam</strong></span> <span class='ocrx_word' id='word_1_62' title='bbox 556 1467 724 1531; x_wconf 90' lang='lat' dir='ltr'><strong>occidentis</strong></span> <span class='ocrx_word' id='word_1_63' title='bbox 739 1466 808 1531; x_wconf 91' lang='lat' dir='ltr'><strong>alti·</strong></span> 
     </span>
     <span class='ocr_line' id='line_1_10' title="bbox 102 1569 961 1652; baseline -0.001 -12"><span class='ocrx_word' id='word_1_64' title='bbox 102 1575 265 1640; x_wconf 84' lang='lat' dir='ltr'><strong>tudinibus</strong></span> <span class='ocrx_word' id='word_1_65' title='bbox 286 1573 464 1636; x_wconf 78' lang='lat' dir='ltr'><strong>meridianis</strong></span> <span class='ocrx_word' id='word_1_66' title='bbox 487 1574 510 1638; x_wconf 91' lang='lat' dir='ltr'>S</span> <span class='ocrx_word' id='word_1_67' title='bbox 534 1575 606 1652; x_wconf 87' lang='lat' dir='ltr'><strong>R,s</strong></span> <span class='ocrx_word' id='word_1_68' title='bbox 631 1575 670 1652; x_wconf 85' lang='lat' dir='ltr'><strong>R,</strong></span> <span class='ocrx_word' id='word_1_69' title='bbox 694 1576 809 1639; x_wconf 90' lang='lat' dir='ltr'><strong>dantur</strong></span> <span class='ocrx_word' id='word_1_70' title='bbox 918 1569 961 1632; x_wconf 72' lang='lat' dir='ltr'><strong>Jss</strong></span> 
     </span>
     <span class='ocr_line' id='line_1_11' title="bbox 102 1681 808 1768; baseline -0.003 -20"><span class='ocrx_word' id='word_1_71' title='bbox 102 1685 168 1768; x_wconf 91' lang='lat' dir='ltr'><strong>poli</strong></span> <span class='ocrx_word' id='word_1_72' title='bbox 197 1684 225 1747; x_wconf 91' lang='lat' dir='ltr'>P</span> <span class='ocrx_word' id='word_1_73' title='bbox 250 1695 283 1747; x_wconf 91' lang='lat' dir='ltr'><strong>et</strong></span> <span class='ocrx_word' id='word_1_74' title='bbox 307 1683 473 1768; x_wconf 85' lang='lat' dir='ltr'><strong>aequatoris</strong></span> <span class='ocrx_word' id='word_1_75' title='bbox 498 1681 543 1746; x_wconf 64' lang='grc' dir='ltr'><strong>ΖΕ</strong></span> <span class='ocrx_word' id='word_1_76' title='bbox 569 1682 602 1759; x_wconf 87' lang='lat' dir='ltr'><strong>Q</strong></span> <span class='ocrx_word' id='word_1_77' title='bbox 631 1684 808 1748; x_wconf 84' lang='lat' dir='ltr'><strong>altitudines</strong></span> 
     </span>
     <span class='ocr_line' id='line_1_12' title="bbox 104 1791 807 1874; baseline -0.001 -17"><span class='ocrx_word' id='word_1_78' title='bbox 104 1794 135 1857; x_wconf 93' lang='lat' dir='ltr'>P</span> <span class='ocrx_word' id='word_1_79' title='bbox 159 1793 190 1857; x_wconf 89' lang='lat' dir='ltr'><strong>R</strong></span> <span class='ocrx_word' id='word_1_80' title='bbox 211 1804 244 1855; x_wconf 91' lang='lat' dir='ltr'><strong>et</strong></span> <span class='ocrx_word' id='word_1_81' title='bbox 268 1791 314 1854; x_wconf 69' lang='grc' dir='ltr'><strong>ΖΕ</strong></span> <span class='ocrx_word' id='word_1_82' title='bbox 331 1791 367 1855; x_wconf 91' lang='grc' dir='ltr'>Η</span> <span class='ocrx_word' id='word_1_83' title='bbox 388 1812 483 1874; x_wconf 89' lang='lat' dir='ltr'><strong>supra</strong></span> <span class='ocrx_word' id='word_1_84' title='bbox 503 1791 696 1856; x_wconf 75' lang='lat' dir='ltr'><strong>horizontem</strong></span> <span class='ocrx_word' id='word_1_85' title='bbox 713 1792 748 1855; x_wconf 92' lang='lat' dir='ltr'><strong>H</strong></span> <span class='ocrx_word' id='word_1_86' title='bbox 767 1793 807 1856; x_wconf 86' lang='lat' dir='ltr'><strong>R.</strong></span> 
     </span>
    </p>

    <p class='ocr_par' dir='ltr' id='par_1_4' title="bbox 105 1899 885 1984">
     <span class='ocr_line' id='line_1_13' title="bbox 105 1899 885 1984; baseline -0.001 -18"><span class='ocrx_word' id='word_1_87' title='bbox 105 1901 191 1966; x_wconf 88' lang='lat' dir='ltr'><strong>Nam</strong></span> <span class='ocrx_word' id='word_1_88' title='bbox 211 1900 291 1963; x_wconf 88' lang='lat' dir='ltr'><strong>datis</strong></span> <span class='ocrx_word' id='word_1_89' title='bbox 313 1899 447 1963; x_wconf 88' lang='lat' dir='ltr'><strong>arcubus</strong></span> <span class='ocrx_word' id='word_1_90' title='bbox 471 1899 494 1963; x_wconf 90' lang='lat' dir='ltr'>S</span> <span class='ocrx_word' id='word_1_91' title='bbox 521 1899 552 1962; x_wconf 88' lang='lat' dir='ltr'><strong>R</strong></span> <span class='ocrx_word' id='word_1_92' title='bbox 574 1911 605 1963; x_wconf 87' lang='lat' dir='ltr'><strong>et</strong></span> <span class='ocrx_word' id='word_1_93' title='bbox 627 1923 641 1963; x_wconf 90' lang='lat' dir='ltr'><strong>s</strong></span> <span class='ocrx_word' id='word_1_94' title='bbox 665 1901 696 1964; x_wconf 88' lang='lat' dir='ltr'><strong>R</strong></span> <span class='ocrx_word' id='word_1_95' title='bbox 718 1901 809 1965; x_wconf 90' lang='lat' dir='ltr'><strong>datur</strong></span> <span class='ocrx_word' id='word_1_96' title='bbox 853 1922 885 1984; x_wconf 86' lang='lat' dir='ltr'>H</span> 
     </span>
    </p>

    <p class='ocr_par' dir='ltr' id='par_1_5' title="bbox 103 2007 829 2093">
     <span class='ocr_line' id='line_1_14' title="bbox 103 2007 829 2093; baseline -0.001 -19"><span class='ocrx_word' id='word_1_97' title='bbox 103 2031 215 2074; x_wconf 88' lang='lat' dir='ltr'><strong>eorum</strong></span> <span class='ocrx_word' id='word_1_98' title='bbox 237 2007 413 2072; x_wconf 89' lang='lat' dir='ltr'><strong>differentia</strong></span> <span class='ocrx_word' id='word_1_99' title='bbox 436 2007 505 2083; x_wconf 88' lang='lat' dir='ltr'><strong>Ss;</strong></span> <span class='ocrx_word' id='word_1_100' title='bbox 529 2021 561 2070; x_wconf 89' lang='lat' dir='ltr'><strong>et</strong></span> <span class='ocrx_word' id='word_1_101' title='bbox 581 2009 654 2093; x_wconf 91' lang='lat' dir='ltr'><strong>quia</strong></span> <span class='ocrx_word' id='word_1_102' title='bbox 675 2010 764 2073; x_wconf 88' lang='lat' dir='ltr'><strong>stella</strong></span> <span class='ocrx_word' id='word_1_103' title='bbox 787 2012 829 2075; x_wconf 84' lang='lat' dir='ltr'><strong>S.</strong></span> 
     </span>
    </p>

    <p class='ocr_par' dir='ltr' id='par_1_6' title="bbox 104 2115 807 2201">
     <span class='ocr_line' id='line_1_15' title="bbox 104 2115 807 2201; baseline 0.001 -20"><span class='ocrx_word' id='word_1_104' title='bbox 104 2117 258 2181; x_wconf 89' lang='lat' dir='ltr'><strong>circulum</strong></span> <span class='ocrx_word' id='word_1_105' title='bbox 283 2115 432 2180; x_wconf 83' lang='lat' dir='ltr'><strong>describit</strong></span> <span class='ocrx_word' id='word_1_106' title='bbox 453 2117 603 2201; x_wconf 86' lang='lat' dir='ltr'><strong>aequatori</strong></span> <span class='ocrx_word' id='word_1_107' title='bbox 625 2119 807 2200; x_wconf 87' lang='lat' dir='ltr'><strong>parallelum</strong></span> 
     </span>
    </p>

    <p class='ocr_par' dir='ltr' id='par_1_7' title="bbox 105 2223 810 2312">
     <span class='ocr_line' id='line_1_16' title="bbox 105 2223 810 2312; baseline 0.003 -22"><span class='ocrx_word' id='word_1_108' title='bbox 105 2227 155 2312; x_wconf 79' lang='lat'><strong>(3)</strong></span> <span class='ocrx_word' id='word_1_109' title='bbox 181 2226 270 2309; x_wconf 85' lang='lat' dir='ltr'><strong>cnjus</strong></span> <span class='ocrx_word' id='word_1_110' title='bbox 296 2223 323 2286; x_wconf 93' lang='lat' dir='ltr'>P</span> <span class='ocrx_word' id='word_1_111' title='bbox 344 2236 392 2286; x_wconf 90' lang='lat' dir='ltr'><strong>est</strong></span> <span class='ocrx_word' id='word_1_112' title='bbox 412 2223 512 2307; x_wconf 91' lang='lat' dir='ltr'><strong>polus,</strong></span> <span class='ocrx_word' id='word_1_113' title='bbox 536 2225 595 2288; x_wconf 87' lang='lat' dir='ltr'><strong>crit</strong></span> <span class='ocrx_word' id='word_1_114' title='bbox 615 2226 720 2290; x_wconf 89' lang='lat' dir='ltr'><strong>SP:</strong></span> <span class='ocrx_word' id='word_1_115' title='bbox 736 2228 810 2305; x_wconf 89' lang='lat' dir='ltr'><strong>sP;</strong></span> 
     </span>
    </p>

    <p class='ocr_par' dir='ltr' id='par_1_8' title="bbox 106 2299 957 2414">
     <span class='ocr_line' id='line_1_17' title="bbox 106 2299 957 2414; baseline 0.002 -17"><span class='ocrx_word' id='word_1_116' title='bbox 106 2333 193 2397; x_wconf 77' lang='lat' dir='ltr'><strong>unde</strong></span> <span class='ocrx_word' id='word_1_117' title='bbox 216 2332 308 2395; x_wconf 91' lang='lat' dir='ltr'><strong>datur</strong></span> <span class='ocrx_word' id='word_1_118' title='bbox 336 2329 364 2393; x_wconf 89' lang='lat' dir='ltr'>P</span> <span class='ocrx_word' id='word_1_119' title='bbox 388 2355 413 2408; x_wconf 91' lang='lat' dir='ltr'><strong>s,</strong></span> <span class='ocrx_word' id='word_1_120' title='bbox 440 2333 491 2395; x_wconf 92' lang='lat' dir='ltr'><strong>cui</strong></span> <span class='ocrx_word' id='word_1_121' title='bbox 516 2334 542 2395; x_wconf 90' lang='lat' dir='ltr'><strong>si</strong></span> <span class='ocrx_word' id='word_1_122' title='bbox 571 2333 704 2398; x_wconf 92' lang='lat' dir='ltr'><strong>addatur</strong></span> <span class='ocrx_word' id='word_1_123' title='bbox 729 2360 744 2400; x_wconf 92' lang='lat' dir='ltr'><strong>s</strong></span> <span class='ocrx_word' id='word_1_124' title='bbox 769 2337 809 2414; x_wconf 88' lang='lat' dir='ltr'><strong>R,</strong></span> <span class='ocrx_word' id='word_1_125' title='bbox 929 2299 957 2364; x_wconf 76' lang='lat' dir='ltr'><strong>P</strong></span> 
     </span>
    </p>

    <p class='ocr_par' dir='ltr' id='par_1_9' title="bbox 105 2438 814 2527">
     <span class='ocr_line' id='line_1_18' title="bbox 105 2438 814 2527; baseline 0.01 -23"><span class='ocrx_word' id='word_1_126' title='bbox 105 2440 274 2505; x_wconf 86' lang='lat' dir='ltr'><strong>habebitur</strong></span> <span class='ocrx_word' id='word_1_127' title='bbox 288 2460 379 2503; x_wconf 89' lang='lat' dir='ltr'><strong>arcus</strong></span> <span class='ocrx_word' id='word_1_128' title='bbox 395 2438 423 2502; x_wconf 94' lang='lat' dir='ltr'><strong>P</strong></span> <span class='ocrx_word' id='word_1_129' title='bbox 440 2439 469 2504; x_wconf 89' lang='lat' dir='ltr'>R</span> <span class='ocrx_word' id='word_1_130' title='bbox 485 2440 617 2505; x_wconf 88' lang='lat' dir='ltr'><strong>altitudo</strong></span> <span class='ocrx_word' id='word_1_131' title='bbox 635 2445 709 2527; x_wconf 91' lang='lat' dir='ltr'><strong>poli.</strong></span> <span class='ocrx_word' id='word_1_132' title='bbox 756 2446 814 2511; x_wconf 87' lang='lat' dir='ltr'><strong>Est</strong></span> 
     </span>
    </p>

    <p class='ocr_par' dir='ltr' id='par_1_10' title="bbox 106 2545 1398 2747">
     <span class='ocr_line' id='line_1_19' title="bbox 106 2545 1398 2639; baseline -0.002 -28"><span class='ocrx_word' id='word_1_133' title='bbox 106 2561 215 2611; x_wconf 83' lang='lat' dir='ltr'><strong>autem</strong></span> <span class='ocrx_word' id='word_1_134' title='bbox 228 2546 266 2610; x_wconf 94' lang='lat' dir='ltr'>H</span> <span class='ocrx_word' id='word_1_135' title='bbox 281 2546 326 2609; x_wconf 87' lang='lat' dir='ltr'><strong>AE</strong></span> <span class='ocrx_word' id='word_1_136' title='bbox 339 2545 467 2632; x_wconf 77' lang='lat' dir='ltr'><strong>oequalis</strong></span> <span class='ocrx_word' id='word_1_137' title='bbox 481 2549 568 2610; x_wconf 92' lang='lat' dir='ltr'><strong>arcui</strong></span> <span class='ocrx_word' id='word_1_138' title='bbox 584 2549 610 2612; x_wconf 92' lang='lat' dir='ltr'>Z</span> <span class='ocrx_word' id='word_1_139' title='bbox 627 2550 654 2614; x_wconf 96' lang='lat' dir='ltr'>P</span> <span class='ocrx_word' id='word_1_140' title='bbox 666 2574 721 2616; x_wconf 85' lang='lat' dir='ltr'><strong>seu</strong></span> <span class='ocrx_word' id='word_1_141' title='bbox 731 2554 962 2639; x_wconf 89' lang='lat' dir='ltr'><strong>complemento</strong></span> <span class='ocrx_word' id='word_1_142' title='bbox 973 2552 1143 2618; x_wconf 89' lang='lat' dir='ltr'><strong>altitudinis</strong></span> <span class='ocrx_word' id='word_1_143' title='bbox 1154 2551 1218 2634; x_wconf 93' lang='lat' dir='ltr'><strong>poli</strong></span> <span class='ocrx_word' id='word_1_144' title='bbox 1230 2548 1269 2611; x_wconf 86' lang='lat' dir='ltr'><strong>ud</strong></span> <span class='ocrx_word' id='word_1_145' title='bbox 1280 2559 1398 2610; x_wconf 84' lang='lat' dir='ltr'><strong>rectum</strong></span> 
     </span>
     <span class='ocr_line' id='line_1_20' title="bbox 109 2654 842 2747; baseline 0.01 -27"><span class='ocrx_word' id='word_1_146' title='bbox 109 2659 192 2743; x_wconf 86' lang='lat'><strong>(10),</strong></span> <span class='ocrx_word' id='word_1_147' title='bbox 208 2657 302 2720; x_wconf 91' lang='lat' dir='ltr'><strong>datur</strong></span> <span class='ocrx_word' id='word_1_148' title='bbox 316 2654 395 2743; x_wconf 84' lang='lat' dir='ltr'><strong>ergd</strong></span> <span class='ocrx_word' id='word_1_149' title='bbox 411 2656 449 2720; x_wconf 93' lang='lat' dir='ltr'><em>H</em></span> <span class='ocrx_word' id='word_1_150' title='bbox 461 2656 506 2721; x_wconf 89' lang='lat' dir='ltr'><strong>AE</strong></span> <span class='ocrx_word' id='word_1_151' title='bbox 521 2657 653 2724; x_wconf 91' lang='lat' dir='ltr'><strong>altitudo</strong></span> <span class='ocrx_word' id='word_1_152' title='bbox 667 2664 842 2747; x_wconf 83' lang='lat' dir='ltr'><strong>aequatoris.</strong></span> 
     </span>
    </p>

    <p class='ocr_par' dir='ltr' id='par_1_11' title="bbox 110 2761 1409 4813">
     <span class='ocr_line' id='line_1_21' title="bbox 155 2761 1398 2854; baseline -0.006 -25"><span class='ocrx_word' id='word_1_153' title='bbox 155 2774 206 2829; x_wconf 80' lang='lat'><strong>14.</strong></span> <span class='ocrx_word' id='word_1_154' title='bbox 230 2763 318 2828; x_wconf 70' lang='lat' dir='ltr'><strong>Data</strong></span> <span class='ocrx_word' id='word_1_155' title='bbox 332 2763 429 2828; x_wconf 78' lang='lat' dir='ltr'><strong>stellae</strong></span> <span class='ocrx_word' id='word_1_156' title='bbox 446 2765 470 2830; x_wconf 89' lang='lat' dir='ltr'>S</span> <span class='ocrx_word' id='word_1_157' title='bbox 484 2765 647 2830; x_wconf 88' lang='lat' dir='ltr'><strong>altitudine</strong></span> <span class='ocrx_word' id='word_1_158' title='bbox 666 2770 837 2834; x_wconf 73' lang='lat' dir='ltr'><strong>meridianis</strong></span> <span class='ocrx_word' id='word_1_159' title='bbox 856 2772 879 2836; x_wconf 92' lang='lat' dir='ltr'>S</span> <span class='ocrx_word' id='word_1_160' title='bbox 898 2772 1014 2835; x_wconf 86' lang='lat' dir='ltr'><strong>Reum</strong></span> <span class='ocrx_word' id='word_1_161' title='bbox 1033 2767 1198 2854; x_wconf 82' lang='lat' dir='ltr'><strong>aequatoris</strong></span> <span class='ocrx_word' id='word_1_162' title='bbox 1213 2764 1261 2827; x_wconf 90' lang='lat' dir='ltr'><strong>vel</strong></span> <span class='ocrx_word' id='word_1_163' title='bbox 1276 2762 1338 2845; x_wconf 91' lang='lat' dir='ltr'><strong>poli</strong></span> <span class='ocrx_word' id='word_1_164' title='bbox 1355 2761 1398 2822; x_wconf 84' lang='lat' dir='ltr'><strong>al-</strong></span> 
     </span>
     <span class='ocr_line' id='line_1_22' title="bbox 110 2871 1399 2959; baseline -0.005 -20"><span class='ocrx_word' id='word_1_165' title='bbox 110 2873 256 2951; x_wconf 84' lang='lat' dir='ltr'><strong>titudine,</strong></span> <span class='ocrx_word' id='word_1_166' title='bbox 271 2872 365 2937; x_wconf 86' lang='lat' dir='ltr'><strong>datur</strong></span> <span class='ocrx_word' id='word_1_167' title='bbox 378 2873 461 2937; x_wconf 92' lang='lat' dir='ltr'><strong>illius</strong></span> <span class='ocrx_word' id='word_1_168' title='bbox 476 2874 644 2939; x_wconf 90' lang='lat' dir='ltr'><strong>declinatio</strong></span> <span class='ocrx_word' id='word_1_169' title='bbox 665 2879 688 2942; x_wconf 90' lang='lat' dir='ltr'>S</span> <span class='ocrx_word' id='word_1_170' title='bbox 708 2878 773 2954; x_wconf 82' lang='lat' dir='ltr'><strong>AE3</strong></span> <span class='ocrx_word' id='word_1_171' title='bbox 797 2892 845 2943; x_wconf 91' lang='lat' dir='ltr'><strong>est</strong></span> <span class='ocrx_word' id='word_1_172' title='bbox 863 2882 948 2943; x_wconf 89' lang='lat' dir='ltr'><strong>enim</strong></span> <span class='ocrx_word' id='word_1_173' title='bbox 964 2901 1054 2943; x_wconf 90' lang='lat' dir='ltr'><strong>arcus</strong></span> <span class='ocrx_word' id='word_1_174' title='bbox 1072 2879 1095 2941; x_wconf 94' lang='lat' dir='ltr'>S</span> <span class='ocrx_word' id='word_1_175' title='bbox 1110 2876 1154 2939; x_wconf 83' lang='lat' dir='ltr'>AE</span> <span class='ocrx_word' id='word_1_176' title='bbox 1170 2873 1297 2959; x_wconf 83' lang='lat' dir='ltr'><strong>aequalis</strong></span> <span class='ocrx_word' id='word_1_177' title='bbox 1312 2871 1399 2935; x_wconf 85' lang='lat' dir='ltr'><strong>diffe-</strong></span> 
     </span>
     <span class='ocr_line' id='line_1_23' title="bbox 110 2980 881 3052; baseline 0.005 -7"><span class='ocrx_word' id='word_1_178' title='bbox 110 2982 221 3046; x_wconf 82' lang='lat' dir='ltr'><strong>rentiae</strong></span> <span class='ocrx_word' id='word_1_179' title='bbox 235 3002 366 3045; x_wconf 87' lang='lat' dir='ltr'><strong>arcuum</strong></span> <span class='ocrx_word' id='word_1_180' title='bbox 381 2980 426 3045; x_wconf 68' lang='grc' dir='ltr'><strong>ΖΕ</strong></span> <span class='ocrx_word' id='word_1_181' title='bbox 443 2981 471 3045; x_wconf 91' lang='lat' dir='ltr'>P</span> <span class='ocrx_word' id='word_1_182' title='bbox 487 2983 517 3046; x_wconf 87' lang='lat' dir='ltr'>R</span> <span class='ocrx_word' id='word_1_183' title='bbox 533 2995 565 3046; x_wconf 90' lang='lat' dir='ltr'><strong>et</strong></span> <span class='ocrx_word' id='word_1_184' title='bbox 581 2985 604 3049; x_wconf 92' lang='lat' dir='ltr'>S</span> <span class='ocrx_word' id='word_1_185' title='bbox 621 2984 661 3048; x_wconf 88' lang='lat' dir='ltr'><strong>R.</strong></span> <span class='ocrx_word' id='word_1_186' title='bbox 712 2986 764 3052; x_wconf 89' lang='lat' dir='ltr'><strong>Sic</strong></span> <span class='ocrx_word' id='word_1_187' title='bbox 775 2986 881 3050; x_wconf 91' lang='lat' dir='ltr'><strong>obser·</strong></span> 
     </span>
     <span class='ocr_line' id='line_1_24' title="bbox 113 3088 1010 3175; baseline -0.004 -20"><span class='ocrx_word' id='word_1_188' title='bbox 113 3090 220 3156; x_wconf 79' lang='lat' dir='ltr'><strong>vando</strong></span> <span class='ocrx_word' id='word_1_189' title='bbox 229 3088 370 3175; x_wconf 70' lang='lat' dir='ltr'><strong>quotidie</strong></span> <span class='ocrx_word' id='word_1_190' title='bbox 381 3090 577 3154; x_wconf 89' lang='lat' dir='ltr'><strong>altitudinem</strong></span> <span class='ocrx_word' id='word_1_191' title='bbox 588 3092 792 3156; x_wconf 85' lang='lat' dir='ltr'><strong>meridianam</strong></span> <span class='ocrx_word' id='word_1_192' title='bbox 807 3116 880 3158; x_wconf 87' lang='lat' dir='ltr'><strong>cen·</strong></span> <span class='ocrx_word' id='word_1_193' title='bbox 1005 3130 1010 3151; x_wconf 80' lang='grc'><strong>.</strong></span> 
     </span>
     <span class='ocr_line' id='line_1_25' title="bbox 112 3197 880 3285; baseline 0 -19"><span class='ocrx_word' id='word_1_194' title='bbox 112 3203 151 3266; x_wconf 85' lang='lat' dir='ltr'><strong>tri</strong></span> <span class='ocrx_word' id='word_1_195' title='bbox 179 3199 265 3264; x_wconf 91' lang='lat' dir='ltr'><strong>Solis</strong></span> <span class='ocrx_word' id='word_1_196' title='bbox 286 3211 318 3262; x_wconf 88' lang='lat' dir='ltr'><strong>et</strong></span> <span class='ocrx_word' id='word_1_197' title='bbox 338 3197 414 3262; x_wconf 66' lang='lat' dir='ltr'><strong>&#39;mdo</strong></span> <span class='ocrx_word' id='word_1_198' title='bbox 429 3199 568 3263; x_wconf 89' lang='lat' dir='ltr'><strong>eruendo</strong></span> <span class='ocrx_word' id='word_1_199' title='bbox 583 3201 681 3285; x_wconf 89' lang='lat' dir='ltr'><strong>ipsius</strong></span> <span class='ocrx_word' id='word_1_200' title='bbox 695 3200 880 3267; x_wconf 87' lang='lat' dir='ltr'><strong>declinatio-</strong></span> 
     </span>
     <span class='ocr_line' id='line_1_26' title="bbox 113 3292 955 3423; baseline 0.004 -50"><span class='ocrx_word' id='word_1_201' title='bbox 113 3331 196 3385; x_wconf 90' lang='lat' dir='ltr'><strong>nem,</strong></span> <span class='ocrx_word' id='word_1_202' title='bbox 213 3307 455 3372; x_wconf 86' lang='lat' dir='ltr'><strong>determinatum</strong></span> <span class='ocrx_word' id='word_1_203' title='bbox 471 3318 519 3370; x_wconf 90' lang='lat' dir='ltr'><strong>est</strong></span> <span class='ocrx_word' id='word_1_204' title='bbox 533 3307 661 3392; x_wconf 91' lang='lat' dir='ltr'><strong>planum</strong></span> <span class='ocrx_word' id='word_1_205' title='bbox 683 3292 834 3394; x_wconf 79' lang='lat' dir='ltr'><strong>eclipticae</strong></span> <span class='ocrx_word' id='word_1_206' title='bbox 849 3324 881 3374; x_wconf 90' lang='lat' dir='ltr'><strong>et</strong></span> <span class='ocrx_word' id='word_1_207' title='bbox 931 3364 955 3423; x_wconf 62' lang='grc' dir='ltr'>Υ</span> 
     </span>
     <span class='ocr_line' id='line_1_27' title="bbox 114 3415 882 3505; baseline 0.001 -23"><span class='ocrx_word' id='word_1_208' title='bbox 114 3422 180 3505; x_wconf 84' lang='lat' dir='ltr'><strong>ejus</strong></span> <span class='ocrx_word' id='word_1_209' title='bbox 194 3417 237 3482; x_wconf 85' lang='lat' dir='ltr'><strong>ad</strong></span> <span class='ocrx_word' id='word_1_210' title='bbox 249 3428 440 3503; x_wconf 83' lang='lat' dir='ltr'><strong>aequatorem</strong></span> <span class='ocrx_word' id='word_1_211' title='bbox 454 3415 614 3480; x_wconf 89' lang='lat' dir='ltr'><strong>inclinatio</strong></span> <span class='ocrx_word' id='word_1_212' title='bbox 628 3440 680 3481; x_wconf 91' lang='lat' dir='ltr'><strong>seu</strong></span> <span class='ocrx_word' id='word_1_213' title='bbox 693 3419 830 3483; x_wconf 85' lang='lat' dir='ltr'><strong>maxitna</strong></span> <span class='ocrx_word' id='word_1_214' title='bbox 842 3420 882 3484; x_wconf 88' lang='lat' dir='ltr'><strong>ab</strong></span> 
     </span>
     <span class='ocr_line' id='line_1_28' title="bbox 115 3523 880 3615; baseline 0.003 -24"><span class='ocrx_word' id='word_1_215' title='bbox 115 3538 278 3615; x_wconf 84' lang='lat' dir='ltr'><strong>aequatore</strong></span> <span class='ocrx_word' id='word_1_216' title='bbox 301 3523 468 3588; x_wconf 85' lang='lat' dir='ltr'><strong>declinatio</strong></span> <span class='ocrx_word' id='word_1_217' title='bbox 491 3547 562 3610; x_wconf 83' lang='lat' dir='ltr'><strong>quae</strong></span> <span class='ocrx_word' id='word_1_218' title='bbox 583 3527 709 3592; x_wconf 88' lang='lat' dir='ltr'><strong>inventa</strong></span> <span class='ocrx_word' id='word_1_219' title='bbox 739 3540 787 3592; x_wconf 87' lang='lat' dir='ltr'><strong>est</strong></span> <span class='ocrx_word' id='word_1_220' title='bbox 819 3533 880 3610; x_wconf 53' lang='lat'><strong>233</strong></span> 
     </span>
     <span class='ocr_line' id='line_1_29' title="bbox 119 3633 883 3725; baseline 0.001 -27"><span class='ocrx_word' id='word_1_221' title='bbox 119 3636 211 3725; x_wconf 81' lang='lat' dir='ltr'><strong>grad.</strong></span> <span class='ocrx_word' id='word_1_222' title='bbox 229 3646 284 3698; x_wconf 87' lang='lat' dir='ltr'><strong>aut</strong></span> <span class='ocrx_word' id='word_1_223' title='bbox 303 3633 405 3698; x_wconf 85' lang='lat' dir='ltr'><strong>verius</strong></span> <span class='ocrx_word' id='word_1_224' title='bbox 421 3640 485 3697; x_wconf 73' lang='lat'><strong>23⁰.</strong></span> <span class='ocrx_word' id='word_1_225' title='bbox 502 3638 562 3699; x_wconf 79' lang='lat'><strong>29&#39;.</strong></span> <span class='ocrx_word' id='word_1_226' title='bbox 616 3633 702 3699; x_wconf 66' lang='lat' dir='ltr'><strong>Data</strong></span> <span class='ocrx_word' id='word_1_227' title='bbox 717 3647 821 3699; x_wconf 83' lang='lat' dir='ltr'><strong>autem</strong></span> <span class='ocrx_word' id='word_1_228' title='bbox 835 3637 883 3699; x_wconf 92' lang='lat' dir='ltr'><strong>in-</strong></span> 
     </span>
     <span class='ocr_line' id='line_1_30' title="bbox 118 3739 884 3827; baseline 0.001 -19"><span class='ocrx_word' id='word_1_229' title='bbox 118 3744 287 3808; x_wconf 89' lang='lat' dir='ltr'><strong>clinatione</strong></span> <span class='ocrx_word' id='word_1_230' title='bbox 302 3740 455 3826; x_wconf 79' lang='lat' dir='ltr'><strong>eclipticoe</strong></span> <span class='ocrx_word' id='word_1_231' title='bbox 469 3739 510 3803; x_wconf 89' lang='lat' dir='ltr'><strong>ad</strong></span> <span class='ocrx_word' id='word_1_232' title='bbox 525 3755 715 3827; x_wconf 73' lang='lat' dir='ltr'><strong>aquatorem</strong></span> <span class='ocrx_word' id='word_1_233' title='bbox 728 3765 799 3807; x_wconf 92' lang='lat' dir='ltr'><strong>cum</strong></span> <span class='ocrx_word' id='word_1_234' title='bbox 810 3746 884 3810; x_wconf 87' lang='lat' dir='ltr'><strong>solis</strong></span> 
     </span>
     <span class='ocr_line' id='line_1_31' title="bbox 117 3848 881 3927; baseline 0.003 -10"><span class='ocrx_word' id='word_1_235' title='bbox 117 3851 335 3927; x_wconf 85' lang='lat' dir='ltr'><strong>declinatione,</strong></span> <span class='ocrx_word' id='word_1_236' title='bbox 361 3848 454 3913; x_wconf 87' lang='lat' dir='ltr'><strong>datur</strong></span> <span class='ocrx_word' id='word_1_237' title='bbox 476 3851 615 3915; x_wconf 86' lang='lat' dir='ltr'><strong>ascensio</strong></span> <span class='ocrx_word' id='word_1_238' title='bbox 635 3865 721 3917; x_wconf 87' lang='lat' dir='ltr'><strong>recta</strong></span> <span class='ocrx_word' id='word_1_239' title='bbox 741 3854 822 3918; x_wconf 90' lang='lat' dir='ltr'><strong>Solis</strong></span> <span class='ocrx_word' id='word_1_240' title='bbox 844 3878 881 3919; x_wconf 90' lang='lat' dir='ltr'><strong>ac</strong></span> 
     </span>
     <span class='ocr_line' id='line_1_32' title="bbox 117 3953 1403 4047; baseline 0.004 -25"><span class='ocrx_word' id='word_1_241' title='bbox 117 3956 291 4046; x_wconf 84' lang='lat' dir='ltr'><strong>longitudo.</strong></span> <span class='ocrx_word' id='word_1_242' title='bbox 331 3956 379 4022; x_wconf 92' lang='lat' dir='ltr'><strong>Sit</strong></span> <span class='ocrx_word' id='word_1_243' title='bbox 393 3956 476 4021; x_wconf 91' lang='lat' dir='ltr'><strong>enim</strong></span> <span class='ocrx_word' id='word_1_244' title='bbox 493 3956 520 4020; x_wconf 92' lang='lat' dir='ltr'>P</span> <span class='ocrx_word' id='word_1_245' title='bbox 534 3958 626 4042; x_wconf 91' lang='lat' dir='ltr'><strong>polus</strong></span> <span class='ocrx_word' id='word_1_246' title='bbox 640 3960 760 4038; x_wconf 87' lang='lat' dir='ltr'><strong>mundi,</strong></span> <span class='ocrx_word' id='word_1_247' title='bbox 777 3974 808 4020; x_wconf 71' lang='lat' dir='ltr'><strong>‘r</strong></span> <span class='ocrx_word' id='word_1_248' title='bbox 825 3961 870 4026; x_wconf 85' lang='lat' dir='ltr'>AE</span> <span class='ocrx_word' id='word_1_249' title='bbox 884 3976 917 4014; x_wconf 63' lang='grc' dir='ltr'>Δ</span> <span class='ocrx_word' id='word_1_250' title='bbox 933 3971 1082 4047; x_wconf 85' lang='lat' dir='ltr'><strong>aequator,</strong></span> <span class='ocrx_word' id='word_1_251' title='bbox 1099 3968 1130 4014; x_wconf 73' lang='lat' dir='ltr'><strong>‘t’</strong></span> <span class='ocrx_word' id='word_1_252' title='bbox 1148 3955 1177 4019; x_wconf 93' lang='lat' dir='ltr'>L</span> <span class='ocrx_word' id='word_1_253' title='bbox 1198 3969 1231 4007; x_wconf 61' lang='grc' dir='ltr'><em>ὲ</em></span> <span class='ocrx_word' id='word_1_254' title='bbox 1254 3953 1403 4038; x_wconf 65' lang='lat' dir='ltr'><strong>ecliptica,</strong></span> 
     </span>
     <span class='ocr_line' id='line_1_33' title="bbox 119 4057 1405 4153; baseline -0.007 -24"><span class='ocrx_word' id='word_1_255' title='bbox 119 4078 152 4129; x_wconf 89' lang='lat' dir='ltr'><strong>et</strong></span> <span class='ocrx_word' id='word_1_256' title='bbox 173 4064 201 4129; x_wconf 94' lang='lat' dir='ltr'><strong>P</strong></span> <span class='ocrx_word' id='word_1_257' title='bbox 217 4065 246 4128; x_wconf 90' lang='lat' dir='ltr'>L</span> <span class='ocrx_word' id='word_1_258' title='bbox 262 4061 316 4140; x_wconf 81' lang='lat' dir='ltr'><strong>AE,</strong></span> <span class='ocrx_word' id='word_1_259' title='bbox 341 4062 450 4126; x_wconf 89' lang='lat' dir='ltr'><strong>circuli</strong></span> <span class='ocrx_word' id='word_1_260' title='bbox 471 4063 627 4148; x_wconf 87' lang='lat' dir='ltr'><strong>quadrans</strong></span> <span class='ocrx_word' id='word_1_261' title='bbox 648 4068 799 4153; x_wconf 78' lang='lat' dir='ltr'><strong>aequaturi</strong></span> <span class='ocrx_word' id='word_1_262' title='bbox 821 4064 1090 4153; x_wconf 85' lang='lat' dir='ltr'><strong>perpendicularis</strong></span> <span class='ocrx_word' id='word_1_263' title='bbox 1105 4062 1137 4124; x_wconf 92' lang='lat' dir='ltr'><strong>in</strong></span> <span class='ocrx_word' id='word_1_264' title='bbox 1155 4060 1210 4138; x_wconf 65' lang='grc' dir='ltr'><strong>ΖΕ,</strong></span> <span class='ocrx_word' id='word_1_265' title='bbox 1234 4071 1266 4123; x_wconf 89' lang='lat' dir='ltr'><strong>ct</strong></span> <span class='ocrx_word' id='word_1_266' title='bbox 1279 4057 1358 4123; x_wconf 89' lang='lat' dir='ltr'><strong>datis</strong></span> <span class='ocrx_word' id='word_1_267' title='bbox 1373 4057 1405 4121; x_wconf 93' lang='lat' dir='ltr'><strong>in</strong></span> 
     </span>
     <span class='ocr_line' id='line_1_34' title="bbox 118 4166 1404 4261; baseline -0.004 -29"><span class='ocrx_word' id='word_1_268' title='bbox 118 4170 277 4257; x_wconf 81' lang='lat' dir='ltr'><strong>triangulo</strong></span> <span class='ocrx_word' id='word_1_269' title='bbox 298 4168 454 4253; x_wconf 85' lang='lat' dir='ltr'><strong>spbaerico</strong></span> <span class='ocrx_word' id='word_1_270' title='bbox 477 4169 522 4234; x_wconf 86' lang='lat' dir='ltr'><strong>AE</strong></span> <span class='ocrx_word' id='word_1_271' title='bbox 547 4183 578 4229; x_wconf 65' lang='lat' dir='ltr'><strong>‘t&#39;</strong></span> <span class='ocrx_word' id='word_1_272' title='bbox 603 4172 633 4236; x_wconf 93' lang='lat' dir='ltr'>L</span> <span class='ocrx_word' id='word_1_273' title='bbox 657 4174 839 4261; x_wconf 79' lang='lat' dir='ltr'><strong>rectangulo</strong></span> <span class='ocrx_word' id='word_1_274' title='bbox 858 4175 893 4237; x_wconf 94' lang='lat' dir='ltr'><strong>in</strong></span> <span class='ocrx_word' id='word_1_275' title='bbox 915 4172 970 4253; x_wconf 86' lang='lat' dir='ltr'><strong>AE,</strong></span> <span class='ocrx_word' id='word_1_276' title='bbox 1000 4172 1096 4235; x_wconf 86' lang='lat' dir='ltr'><strong>latere</strong></span> <span class='ocrx_word' id='word_1_277' title='bbox 1122 4190 1176 4232; x_wconf 90' lang='lat' dir='ltr'><strong>seu</strong></span> <span class='ocrx_word' id='word_1_278' title='bbox 1199 4166 1404 4231; x_wconf 90' lang='lat' dir='ltr'><strong>declinatione</strong></span> 
     </span>
     <span class='ocr_line' id='line_1_35' title="bbox 122 4275 1407 4367; baseline -0.007 -20"><span class='ocrx_word' id='word_1_279' title='bbox 122 4281 204 4347; x_wconf 84' lang='lat' dir='ltr'><strong>Solis</strong></span> <span class='ocrx_word' id='word_1_280' title='bbox 219 4281 249 4345; x_wconf 93' lang='lat' dir='ltr'><strong>L</strong></span> <span class='ocrx_word' id='word_1_281' title='bbox 265 4278 320 4358; x_wconf 84' lang='lat' dir='ltr'><strong>AE,</strong></span> <span class='ocrx_word' id='word_1_282' title='bbox 336 4292 369 4343; x_wconf 91' lang='lat' dir='ltr'><strong>et</strong></span> <span class='ocrx_word' id='word_1_283' title='bbox 382 4280 498 4367; x_wconf 85' lang='lat' dir='ltr'><strong>angulo</strong></span> <span class='ocrx_word' id='word_1_284' title='bbox 514 4280 559 4345; x_wconf 89' lang='lat' dir='ltr'><strong>AE</strong></span> <span class='ocrx_word' id='word_1_285' title='bbox 575 4294 606 4340; x_wconf 77' lang='lat' dir='ltr'><strong>‘t’</strong></span> <span class='ocrx_word' id='word_1_286' title='bbox 626 4282 663 4360; x_wconf 85' lang='lat' dir='ltr'><strong>L,</strong></span> <span class='ocrx_word' id='word_1_287' title='bbox 687 4291 742 4349; x_wconf 75' lang='lat'><strong>23⁰</strong></span> <span class='ocrx_word' id='word_1_288' title='bbox 764 4288 826 4362; x_wconf 73' lang='lat'><strong>29&#39;,</strong></span> <span class='ocrx_word' id='word_1_289' title='bbox 842 4283 956 4347; x_wconf 91' lang='lat' dir='ltr'><strong>dantur</strong></span> <span class='ocrx_word' id='word_1_290' title='bbox 970 4281 1051 4344; x_wconf 90' lang='lat' dir='ltr'><strong>latus</strong></span> <span class='ocrx_word' id='word_1_291' title='bbox 1065 4291 1096 4337; x_wconf 77' lang='lat' dir='ltr'><strong>‘t’</strong></span> <span class='ocrx_word' id='word_1_292' title='bbox 1113 4277 1159 4342; x_wconf 88' lang='lat' dir='ltr'><strong>AE</strong></span> <span class='ocrx_word' id='word_1_293' title='bbox 1173 4275 1312 4342; x_wconf 86' lang='lat' dir='ltr'><strong>ascensio</strong></span> <span class='ocrx_word' id='word_1_294' title='bbox 1323 4286 1407 4339; x_wconf 88' lang='lat' dir='ltr'><strong>recta</strong></span> 
     </span>
     <span class='ocr_line' id='line_1_36' title="bbox 122 4385 1408 4479; baseline -0.005 -25"><span class='ocrx_word' id='word_1_295' title='bbox 122 4391 206 4468; x_wconf 85' lang='lat' dir='ltr'><strong>solis,</strong></span> <span class='ocrx_word' id='word_1_296' title='bbox 228 4411 286 4453; x_wconf 88' lang='lat' dir='ltr'><strong>seu</strong></span> <span class='ocrx_word' id='word_1_297' title='bbox 307 4389 417 4473; x_wconf 89' lang='lat' dir='ltr'><strong>puncti</strong></span> <span class='ocrx_word' id='word_1_298' title='bbox 441 4389 480 4466; x_wconf 91' lang='lat' dir='ltr'><strong>L,</strong></span> <span class='ocrx_word' id='word_1_299' title='bbox 498 4404 530 4455; x_wconf 89' lang='lat' dir='ltr'><strong>et</strong></span> <span class='ocrx_word' id='word_1_300' title='bbox 543 4391 625 4456; x_wconf 87' lang='lat' dir='ltr'><strong>latus</strong></span> <span class='ocrx_word' id='word_1_301' title='bbox 640 4405 671 4451; x_wconf 68' lang='lat' dir='ltr'><strong>‘r</strong></span> <span class='ocrx_word' id='word_1_302' title='bbox 689 4392 819 4479; x_wconf 93' lang='lat' dir='ltr'><strong>Lquod</strong></span> <span class='ocrx_word' id='word_1_303' title='bbox 834 4405 882 4458; x_wconf 91' lang='lat' dir='ltr'><strong>est</strong></span> <span class='ocrx_word' id='word_1_304' title='bbox 895 4390 1034 4478; x_wconf 90' lang='lat' dir='ltr'><strong>ejusdem</strong></span> <span class='ocrx_word' id='word_1_305' title='bbox 1048 4388 1222 4479; x_wconf 82' lang='lat' dir='ltr'><strong>longitudo,</strong></span> <span class='ocrx_word' id='word_1_306' title='bbox 1238 4385 1302 4450; x_wconf 76' lang='lat' dir='ltr'><strong>imo</strong></span> <span class='ocrx_word' id='word_1_307' title='bbox 1317 4386 1408 4449; x_wconf 88' lang='lat' dir='ltr'><strong>datur</strong></span> 
     </span>
     <span class='ocr_line' id='line_1_37' title="bbox 124 4493 1408 4587; baseline -0.003 -24"><span class='ocrx_word' id='word_1_308' title='bbox 124 4501 217 4563; x_wconf 87' lang='lat' dir='ltr'><strong>etiam</strong></span> <span class='ocrx_word' id='word_1_309' title='bbox 232 4498 368 4584; x_wconf 83' lang='lat' dir='ltr'><strong>angulus</strong></span> <span class='ocrx_word' id='word_1_310' title='bbox 384 4496 428 4561; x_wconf 60' lang='grc' dir='ltr'><strong>ΖΕ</strong></span> <span class='ocrx_word' id='word_1_311' title='bbox 445 4498 475 4562; x_wconf 93' lang='lat' dir='ltr'>L</span> <span class='ocrx_word' id='word_1_312' title='bbox 490 4512 532 4578; x_wconf 65' lang='grc' dir='ltr'><strong>ψ,</strong></span> <span class='ocrx_word' id='word_1_313' title='bbox 554 4524 648 4587; x_wconf 90' lang='lat' dir='ltr'><strong>quem</strong></span> <span class='ocrx_word' id='word_1_314' title='bbox 667 4503 801 4567; x_wconf 90' lang='lat' dir='ltr'><strong>circulus</strong></span> <span class='ocrx_word' id='word_1_315' title='bbox 823 4502 1037 4566; x_wconf 86' lang='lat' dir='ltr'><strong>declinationis</strong></span> <span class='ocrx_word' id='word_1_316' title='bbox 1053 4501 1146 4566; x_wconf 88' lang='lat' dir='ltr'><strong>efficit</strong></span> <span class='ocrx_word' id='word_1_317' title='bbox 1161 4521 1232 4563; x_wconf 89' lang='lat' dir='ltr'><strong>cum</strong></span> <span class='ocrx_word' id='word_1_318' title='bbox 1248 4493 1408 4582; x_wconf 71' lang='lat' dir='ltr'><strong>eclipticd;</strong></span> 
     </span>
     <span class='ocr_line' id='line_1_38' title="bbox 126 4605 1409 4700; baseline 0 -27"><span class='ocrx_word' id='word_1_319' title='bbox 126 4605 209 4673; x_wconf 79' lang='lat' dir='ltr'><strong>cum</strong></span> <span class='ocrx_word' id='word_1_320' title='bbox 230 4605 307 4670; x_wconf 81' lang='lat' dir='ltr'><strong>vero</strong></span> <span class='ocrx_word' id='word_1_321' title='bbox 328 4618 444 4690; x_wconf 79' lang='lat' dir='ltr'><strong>prater</strong></span> <span class='ocrx_word' id='word_1_322' title='bbox 466 4609 615 4697; x_wconf 83' lang='lat' dir='ltr'><strong>angulum</strong></span> <span class='ocrx_word' id='word_1_323' title='bbox 631 4610 676 4675; x_wconf 86' lang='lat' dir='ltr'><strong>AE</strong></span> <span class='ocrx_word' id='word_1_324' title='bbox 692 4624 723 4670; x_wconf 77' lang='lat' dir='ltr'><strong>‘t’</strong></span> <span class='ocrx_word' id='word_1_325' title='bbox 741 4612 780 4688; x_wconf 93' lang='lat' dir='ltr'><strong>L,</strong></span> <span class='ocrx_word' id='word_1_326' title='bbox 804 4611 878 4675; x_wconf 86' lang='lat' dir='ltr'><strong>data</strong></span> <span class='ocrx_word' id='word_1_327' title='bbox 894 4610 987 4675; x_wconf 92' lang='lat' dir='ltr'><strong>fuerit</strong></span> <span class='ocrx_word' id='word_1_328' title='bbox 1000 4610 1165 4700; x_wconf 81' lang='lat' dir='ltr'><strong>longitudo</strong></span> <span class='ocrx_word' id='word_1_329' title='bbox 1180 4622 1211 4668; x_wconf 64' lang='lat' dir='ltr'><strong>‘t&#39;</strong></span> <span class='ocrx_word' id='word_1_330' title='bbox 1228 4608 1269 4685; x_wconf 93' lang='lat' dir='ltr'><strong>L,</strong></span> <span class='ocrx_word' id='word_1_331' title='bbox 1286 4605 1409 4670; x_wconf 83' lang='lat' dir='ltr'><strong>dabitur</strong></span> 
     </span>
     <span class='ocr_line' id='line_1_39' title="bbox 124 4715 959 4813; baseline 0.001 -31"><span class='ocrx_word' id='word_1_332' title='bbox 124 4735 190 4782; x_wconf 86' lang='lat' dir='ltr'><strong>turn</strong></span> <span class='ocrx_word' id='word_1_333' title='bbox 207 4729 239 4776; x_wconf 73' lang='lat' dir='ltr'><strong>‘t’</strong></span> <span class='ocrx_word' id='word_1_334' title='bbox 257 4715 303 4779; x_wconf 64' lang='grc' dir='ltr'><strong>ΖΕ</strong></span> <span class='ocrx_word' id='word_1_335' title='bbox 318 4717 459 4779; x_wconf 78' lang='lat' dir='ltr'><strong>ascensio</strong></span> <span class='ocrx_word' id='word_1_336' title='bbox 473 4732 568 4797; x_wconf 84' lang='lat' dir='ltr'><strong>recta,</strong></span> <span class='ocrx_word' id='word_1_337' title='bbox 585 4735 651 4784; x_wconf 93' lang='lat' dir='ltr'><strong>tum</strong></span> <span class='ocrx_word' id='word_1_338' title='bbox 668 4721 712 4785; x_wconf 89' lang='lat' dir='ltr'>AE</span> <span class='ocrx_word' id='word_1_339' title='bbox 730 4722 768 4798; x_wconf 92' lang='lat' dir='ltr'><strong>L,</strong></span> <span class='ocrx_word' id='word_1_340' title='bbox 785 4720 959 4813; x_wconf 86' lang='lat' dir='ltr'><strong>declinatio.</strong></span> 
     </span>
    </p>
   </div>
   <div class='ocr_carea' id='block_1_3' title="bbox 0 0 1694 5692">
    <p class='ocr_par' dir='ltr' id='par_1_12' title="bbox 0 0 1694 5692">
     <span class='ocr_line' id='line_1_40' title="bbox 0 0 1694 5692; baseline 0 0"><span class='ocrx_word' id='word_1_341' title='bbox 0 0 1694 5692; x_wconf 95' lang='lat' dir='ltr'><strong> </strong></span> 
     </span>
    </p>
   </div>
  </div>
 </body>
</html>
