3330 5692
55 556 365 637 LraanTnarrua]
392 556 634 622 PRINCIPlA
660 556 1032 653 MATHEMATICA.
1291 569 1352 630 117

53 750 179 793 summa
208 725 431 812 quadratorum
461 747 502 788 ex
530 725 649 789 sinibus
680 725 825 789 omnibus
855 725 889 790 N
915 726 955 791 M
980 728 1109 813 aequalis
1135 729 1195 794 erit
1222 754 1353 796 summm

55 834 283 921 quadratorum
305 854 346 896 ex
367 831 485 896 sinibus
512 831 545 895 K
568 831 618 908 M,
645 844 678 897 et
698 854 819 895 summa
840 846 972 919 utraque
993 835 1121 921 aeqnalis
1143 839 1202 904 erit
1222 862 1352 904 summm

57 944 282 1033 quadratorum
304 964 345 1005 ex
362 941 494 1005 totidem
509 941 761 1004 semi-diametris
778 941 810 1004 K
828 941 877 1017 N;
900 942 1033 1029 ideoque
1048 967 1170 1009 summa
1184 947 1352 1032 quadrato-

55 1075 130 1117 rum
153 1072 194 1115 ex
216 1048 362 1113 omnibus
386 1047 420 1112 N
444 1046 484 1111 M
507 1047 567 1111 erit
582 1047 680 1130 duplo
695 1047 797 1110 minor
812 1047 905 1133 quam
930 1072 1051 1114 summa
1066 1053 1289 1138 quadratorum
1312 1078 1352 1119 ex

56 1159 190 1226 totidem
205 1154 456 1221 semi-diametris
474 1153 506 1217 K
522 1153 564 1217 N.

102 1266 175 1331 Jam
190 1262 349 1328 dividatur
361 1260 529 1345 perimeter
544 1259 652 1323 circuli
674 1260 705 1322 A
721 1260 750 1324 E
771 1260 805 1322 in
824 1262 991 1345 particulas
1007 1265 1137 1329 totidem
1151 1266 1298 1353 aequales,
1321 1282 1353 1333 et

57 1372 100 1436 ab
114 1393 224 1436 earum
237 1390 423 1455 unaquaque
440 1368 467 1431 F
481 1367 522 1431 ad
537 1367 665 1451 planum
689 1367 722 1442 Q
738 1368 769 1431 R
790 1368 970 1433 demittatur
984 1372 1242 1456 perpendiculum
1265 1373 1292 1438 F
1308 1375 1351 1456 G,

61 2650 98 2703 nt
113 2651 146 2704 et
160 2664 179 2705 a
193 2655 311 2726 puncto
326 2645 357 2708 A
371 2644 630 2731 perpendiculum
646 2645 676 2707 A
693 2642 740 2708 H.
786 2642 828 2707 Et
843 2643 898 2721 vis,
915 2642 975 2728 qula
991 2642 1144 2726 particula
1161 2643 1188 2707 F
1202 2642 1320 2706 recedit
1339 2667 1357 2706 a

60 2748 161 2834 plano
183 2751 217 2827 Q
233 2751 274 2829 R,
297 2754 357 2818 erit
371 2768 406 2820 ut
421 2755 679 2840 perpendiculum
694 2753 770 2817 illud
790 2754 817 2817 F
834 2753 865 2817 G
888 2766 945 2837 per
960 2752 1158 2839 hypothesin,
1184 2766 1216 2816 et
1229 2751 1298 2816 haec
1312 2752 1357 2815 vis

62 2857 161 2923 ducta
175 2858 401 2927 indistantiam
419 2865 446 2929 C
463 2865 494 2929 G
519 2866 557 2950 (¹¹)
581 2865 640 2929 erit
654 2864 791 2928 efficacia
804 2863 965 2948 particulae
989 2863 1016 2926 F
1037 2862 1078 2927 ad
1094 2864 1225 2927 Terram
1242 2862 1357 2926 circuni

64 2979 209 3030 centrum
225 2969 290 3053 ejus
305 2971 558 3035 convertendam.
605 2971 744 3056 Idedque
759 2970 895 3034 efficacia
908 2968 1069 3053 particula
1091 2969 1126 3046 in¹
1146 2970 1216 3033 loco
1239 2968 1276 3045 F,
1299 2969 1359 3030 erit

63 3072 106 3138 ad
122 3074 290 3140 efficaciam
300 3078 463 3162 particulae
477 3080 510 3142 in
524 3080 595 3143 loco
610 3080 650 3156 A,
667 3090 703 3141 ut
719 3077 791 3142 FG
811 3091 837 3143 Χ
856 3077 888 3142 G
902 3079 929 3141 C
944 3077 984 3141 ad
1001 3077 1031 3139 A
1044 3075 1081 3141 H
1099 3092 1125 3144 Χ
1145 3077 1181 3140 Η
1195 3077 1232 3153 C,
1246 3077 1286 3160 (²)
1298 3074 1359 3138 hoc

64 3196 123 3262 eat,
139 3198 176 3250 ut
191 3186 219 3250 F
236 3187 263 3251 C
279 3211 299 3273 q
314 3188 354 3252 ad
370 3191 400 3253 A
418 3190 446 3254 C
462 3213 499 3275 q;
522 3202 554 3253 et
567 3200 734 3274 propterea
748 3186 884 3251 efficacia
898 3199 964 3251 tota
977 3183 1201 3271 particularum
1219 3184 1358 3248 omniurn

65 3292 99 3356 in
124 3293 201 3358 locis
226 3296 289 3359 suis
316 3297 343 3361 F
368 3297 427 3361 erit
451 3298 493 3362 ad
515 3298 682 3362 efficaciam
703 3296 927 3381 particularum
949 3295 1079 3359 totidem
1106 3297 1138 3359 in
1162 3296 1232 3358 loco
1257 3295 1298 3370 A,
1325 3306 1361 3357 ut

66 3425 192 3467 summa
206 3405 345 3469 omnium
363 3406 390 3469 F
406 3407 434 3470 C
449 3429 469 3492 q
492 3407 532 3470 ad
554 3429 707 3470 summam
722 3405 852 3469 totidem
869 3406 900 3470 A
917 3404 952 3470 Οἱ
960 3428 990 3493 q,
1012 3404 1074 3469 hoc
1088 3420 1135 3469 est
1158 3411 1227 3490 (per
1243 3405 1281 3489 (³)
1292 3405 1359 3488 jam

65 3512 291 3596 demonstrata)
308 3526 342 3577 ut
357 3536 455 3579 unum
470 3515 510 3577 ad
525 3514 598 3577 duo.
645 3513 687 3589 Q.
704 3535 730 3576 e.
746 3512 777 3575 d.

92 3644 96 3649 ·
112 3620 156 3685 Et
170 3623 318 3707 quoniam
332 3623 494 3708 particulae
509 3635 606 3711 agunt
621 3621 797 3686 recedendo
814 3619 1110 3707 perpendiculariter
1124 3643 1142 3682 a
1159 3618 1253 3703 plano
1269 3617 1301 3693 Q
1319 3616 1359 3688 R,

67 3728 163 3813 idque
177 3729 338 3814 aequaliter
351 3730 391 3794 ab
406 3730 537 3816 utrique
552 3742 640 3814 parte
663 3729 756 3814 hujus
771 3726 875 3813 plani:
899 3728 1018 3792 eaedem
1034 3739 1215 3792 convertent
1229 3726 1361 3790 circum·-

66 3834 231 3900 ferentiam
246 3837 353 3901 circuli
367 3839 544 3924 oequatoris,
568 3839 658 3924 eique
674 3836 878 3900 inhaerentem
894 3835 1036 3913 Terram,
1061 3835 1177 3900 circum
1192 3855 1283 3898 axem
1298 3845 1360 3896 tarn

67 3952 100 4013 in
115 3948 211 4033 plano
228 3950 282 4014 illo
297 3950 330 4027 Q
348 3950 377 4014 R
393 3948 485 4036 quim
501 3950 533 4012 in
548 3949 642 4034 plano
657 3948 822 4034 aequatoris
832 3949 997 4032 jacentem.

600 4121 775 4187 LEMMA
798 4121 843 4186 Il.
876 4135 880 4144 '

69 4298 183 4361 Iisdem
198 4300 332 4379 positis.-
354 4300 421 4361 dico
434 4295 560 4361 secundd
575 4301 654 4382 quod
674 4299 719 4361 vis
734 4306 762 4359 e!
777 4298 908 4383 efficacia
924 4304 988 4358 tota
1004 4294 1223 4376 porticulamm
1237 4291 1364 4353 omnium

113 4414 202 4468 extra
213 4405 331 4487 globum
345 4407 476 4488 undique
487 4408 623 4481 sitarum,
636 4407 679 4467 ad
697 4405 823 4466 Terram
837 4405 944 4465 circum
959 4423 1043 4463 arem
1058 4401 1180 4462 eoadem
1193 4399 1363 4473 rotundam,

113 4514 156 4577 sit
170 4515 214 4574 ad
226 4514 285 4576 nim
299 4523 392 4576 totum
404 4514 625 4596 punicantem
640 4514 772 4588 totidem,
796 4511 829 4572 in
844 4509 1007 4592 aquatoris
1020 4508 1130 4570 circulo
1153 4505 1183 4568 A
1196 4506 1228 4568 E
1249 4505 1366 4589 anifirr-

71 4682 240 4747 qnndratomm
252 4699 280 4732 ex
291 4684 400 4732 omnibu·
411 4683 500 4732 sinibus
512 4685 537 4732 N
546 4685 583 4739 M,
601 4683 625 4730 id
670 4699 700 4730 ue
777 4682 813 4743 (⁰)
825 4683 840 4713 0
854 4683 906 4728 Erit
917 4681 1028 4743 efficacia.
1063 4680 1114 4739 (47.
1129 4677 1183 4725 Lssr.
1199 4675 1235 4735 Ι.)

72 4763 168 4796 murena
178 4747 344 4809 qmdratorum
355 4764 383 4795 er
395 4748 504 4796 omnibus
517 4748 540 4794 N
553 4749 590 4805 Μ,
603 4748 646 4795 erit
673 4764 700 4793 u·
778 4746 815 4806 (¹)
829 4749 842 4774 ³
853 4747 906 4793 Hoc
917 4753 957 4800 eat,
973 4745 1005 4790 ab
1015 4741 1132 4805 triangula
1146 4744 1167 4789 A
1182 4741 1202 4790 C
1216 4741 1251 4797 H,
1270 4740 1323 4789 FC
1337 4741 1368 4795 G,

71 4813 114 4874 plo
123 4812 203 4858 minor
212 4812 284 4874 quilm
296 4828 388 4862 summa
393 4811 559 4876 quadratorum
567 4827 597 4860 ex
604 4810 701 4860 totidem
747 4809 838 4858 similia.

72 4874 263 4925 nni-diametra
278 4876 301 4923 l(
317 4877 346 4923 N.
780 4874 815 4937 (Υ)
828 4879 842 4906 ⁹
856 4874 957 4936 Pro-jum
971 4877 1132 4922 demonstrato.
1169 4871 1249 4936 (150.)
