3300 5678
333 554 394 613 tat
634 533 976 606 PHILOSOPHIAE
998 533 1276 601 NATURALIS
1313 535 1394 615 [Da
1410 535 1544 601 Murro.
1558 538 1636 603 Srrr.

332 719 374 781 sis
396 713 549 781 Deoemb.
572 723 774 796 conspectum
796 722 828 774 et
849 732 867 773 a
891 707 1082 773 Flamstedio
1102 708 1310 772 observamm
1334 719 1388 772 est
1404 723 1509 794 capnt
1522 725 1637 774 onmes

331 823 512 907 posterioris
534 821 567 883 in
588 819 735 884 distantia
754 837 868 880 novem
889 814 1045 903 graduum
1068 838 1088 878 a
1111 814 1203 890 Sole;
1234 813 1270 877 id
1300 814 1397 900 quod
1428 815 1532 880 stellas
1552 818 1637 881 tertie

331 914 553 1017 magnitudinis
575 928 630 990 vix
650 948 833 990 concessum
854 923 970 987 fuisset.
1015 922 1168 987 Decemb.
1184 931 1237 987 15.
1254 935 1291 986 et
1309 931 1365 992 17.
1391 926 1549 1010 apparuit
1567 926 1635 991 iden

335 1048 371 1100 ut
391 1034 480 1099 stella
501 1033 601 1098 tertiae
621 1030 853 1119 magnitudinis,
875 1028 1065 1092 diminutum
1079 1027 1185 1113 utique
1200 1027 1385 1112 splendore
1402 1031 1543 1095 nubium
1558 1035 1636 1118 juxta

332 1146 440 1211 Solem
451 1143 653 1208 occidentem.
677 1140 841 1206 Decembr.
855 1148 907 1205 26.
921 1139 1110 1204 velocissime
1124 1151 1238 1216 motus,
1250 1141 1359 1227 inque
1370 1145 1525 1231 perigaeo
1535 1167 1636 1230 propa-

331 1254 460 1318 modum
483 1253 628 1328 existens,
653 1250 782 1314 cedebat
796 1250 844 1313 ori
861 1249 983 1337 Pegasi,
1000 1248 1097 1313 stellae
1113 1251 1212 1314 tertia
1226 1253 1491 1339 magnitudinis.
1532 1257 1634 1320 Jan.&

332 1362 503 1446 apparebat
517 1373 552 1424 ut
567 1359 656 1423 stella
670 1372 799 1444 quartae,
823 1357 894 1422 Jan.
911 1367 940 1422 9.
956 1370 992 1421 ut
1006 1357 1093 1421 stella
1107 1357 1234 1443 quintae,
1259 1358 1342 1423 Jan.
1363 1368 1423 1426 18.
1440 1361 1485 1426 ob
1507 1362 1633 1448 rplmd>

331 1492 400 1534 rem
416 1470 517 1533 Lunae
532 1467 699 1532 crescentis
714 1465 877 1550 disparuit.
914 1464 985 1529 Jan.
996 1473 1048 1529 25.
1058 1465 1113 1526 vix
1126 1464 1277 1549 aequabat
1289 1467 1411 1532 stellas
1424 1471 1632 1557 magninsdinis

331 1577 482 1662 septimae.
528 1575 562 1639 Si
577 1584 739 1636 sumantur
753 1571 885 1657 aequalia
901 1571 1070 1658 aperigoeo
1084 1571 1246 1636 hincinde
1264 1585 1441 1659 tempora,
1464 1579 1632 1664 capitaqne

333 1682 525 1768 temporibus
548 1680 608 1744 illis
630 1680 663 1742 in
684 1678 861 1766 longinquis
876 1679 1055 1765 regionibus
1069 1678 1179 1762 posita,
1202 1679 1244 1742 ob
1262 1681 1420 1766 oequalee
1436 1707 1458 1747 a
1473 1684 1569 1749 Tetri
1579 1685 1630 1748 d'a·

332 1795 454 1871 mutius,
477 1792 637 1878 aequaliter
657 1790 761 1854 lucere
781 1788 970 1866 debuissent,
993 1789 1026 1851 in
1046 1789 1138 1876 plagi
1163 1791 1245 1855 Solis
1270 1794 1430 1860 maxime
1451 1797 1626 1882 splenduere,

332 1926 373 1968 ex
386 1900 484 1967 alterii
498 1899 626 1986 perigaei
641 1911 730 1982 parte
750 1897 914 1960 evanubre.
944 1895 1061 1984 -Igitur
1082 1919 1123 1960 ex
1143 1897 1261 1985 magna
1278 1899 1368 1965 lucis
1386 1902 1426 1965 in
1442 1917 1570 1991 utroque
1581 1907 1626 1968 s'tr

332 2009 515 2086 differentia,
538 2006 734 2072 concluditur
754 2027 870 2093 magna
897 2004 978 2070 Solis
1000 2018 1031 2069 et
1051 2018 1180 2070 cometa
1206 2008 1363 2074 vicinitas
1388 2013 1516 2079 insitu
1533 2017 1623 2102 ptura

333 2117 417 2183 Nam
439 2117 494 2180 lux
516 2133 706 2181 cometarum
720 2112 872 2200 regularis
888 2135 955 2176 esse
971 2111 1059 2190 solat,
1082 2125 1114 2176 et
1127 2114 1270 2177 maxima
1286 2139 1460 2202 apparere
1476 2122 1527 2186 ubi
1545 2123 1622 2206 osma

332 2227 523 2296 velocissime
546 2239 720 2303 moventur,
745 2238 839 2311 atque
863 2225 935 2288 ideo
961 2238 1034 2289 sunt
1062 2224 1094 2287 in
1123 2225 1294 2312 perigaeis;
1331 2230 1402 2293 nisi
1431 2232 1572 2318 quiteans
1591 2255 1617 2297 α

333 2342 431 2426 major
446 2339 539 2402 estin
553 2336 665 2400 vicinia
682 2334 773 2400 Solis.

331 2508 335 2513 .
377 2447 475 2510 00101.
496 2452 525 2509 l.
551 2441 724 2526 Splendent
736 2439 832 2526 igitur
847 2453 976 2502 cometae
992 2437 1031 2522 (1)
1045 2439 1115 2503 luce
1131 2438 1212 2503 Solis
1228 2463 1249 2504 a
1265 2463 1304 2505 se
1320 2445 1465 2510 reflexat.

377 2553 475 2615 Corol.
488 2556 519 2612 2.
535 2547 568 2632 (¹)
585 2548 635 2612 Ex
646 2546 737 2611 dictis
748 2545 841 2608 etiam
852 2544 1033 2631 intelligitur
1044 2566 1100 2608 cur
1111 2557 1240 2608 cometae
1254 2551 1441 2635 tantopere
1453 2552 1612 2640 Aequam

333 2659 494 2746 regionem
521 2656 613 2721 Solis.
669 2656 703 2720 Si
728 2666 929 2719 cernerentur
953 2655 987 2716 in
1009 2653 1187 2740 regionibus
1212 2655 1316 2745 longe
1344 2661 1441 2726 ultra
1469 2665 1610 2735 Saturna,

329 2765 483 2831 ,deberent
497 2762 610 2848 saepitis
625 2784 774 2846 apparere
789 2762 821 2824 in
835 2761 974 2845 partibus
991 2760 1057 2825 Soli
1072 2761 1231 2845 oppositis.
1285 2766 1421 2834 Forent
1436 2773 1517 2834 enim
1531 2770 1609 2834 Ten:

366 2937 401 3000 (1)
415 2942 428 2968 ⁰
440 2938 505 2985 Luce
522 2939 578 2985 Solia
593 2953 608 2982 n
623 2953 645 2983 se
658 2932 750 3000 rqflead·
786 2934 849 2980 Nam
860 2948 875 2979 a
886 2932 959 2979 Terrd
989 2931 1114 2988 defectum,
1134 2931 1211 2995 detegi
1228 2936 1317 2993 possit,
1336 2940 1485 3003 prinsquam
1501 2942 1528 2989 ad
1541 2944 1608 3001 ψ·

333 3001 493 3048 recedentibus
508 3000 604 3047 cometis
614 3000 677 3046 etad
694 2999 772 3045 Solem
788 2996 958 3052 accedentibus,
988 2997 1060 3057 hujus
1070 2997 1215 3056 superficiem
1232 3006 1388 3059 perranum,
1403 3007 1490 3066 juncta
1504 3019 1556 3053 rem
1569 3005 1607 3054 Sl,

334 3075 434 3127 augetur
443 3080 523 3111 eorum
533 3063 648 3124 splendor,
657 3061 802 3108 decrescente
810 3062 864 3109 b'eet
872 3060 959 3106 diame-
989 3059 1131 3120 producamr
1146 3061 1260 3123 utrinque
1277 3064 1361 3112 donec
1380 3072 1512 3128 sipaficiet
1528 3072 1570 3116 buit
1581 3083 1606 3113 tt·

333 3139 376 3182 tro,
389 3138 416 3175 ut
426 3143 454 3175 ex
466 3128 648 3188 precedentibus
658 3127 855 3173 observationibus
865 3133 935 3184 patet.
990 3134 1069 3170 currat
1079 3125 1103 3170 in
1117 3124 1147 3179 A,
1160 3136 1184 3171 et
1196 3126 1223 3172 C.
1264 3128 1316 3174 Per
1330 3132 1365 3186 T,
1380 3133 1484 3180 ductum
1497 3135 1606 3194 imdtigu

379 3191 423 3223 11·
438 3195 475 3240 E,
487 3195 552 3239 dicti,
567 3195 636 3239 ,fiam
653 3192 793 3250 maugisus.
831 3188 926 3235 natent
943 3187 960 3234 S
991 3187 1087 3246 planum
1100 3188 1127 3234 Η
1142 3189 1170 3242 Ε,
1182 3191 1221 3235 cui
1239 3195 1364 3240 normalis
1376 3209 1415 3243 est
1427 3213 1489 3245 rem
1507 3200 1560 3251 11,
1573 3197 1606 3256 ῥ

336 3256 367 3302 so
376 3272 421 3312 em,
434 3257 464 3310 T,
475 3257 578 3311 Termi,
590 3254 690 3301 circulus
704 3255 728 3300 D
738 3254 760 3299 E
770 3253 789 3298 F
801 3253 835 3308 H,
847 3253 960 3311 spheram
991 3266 1049 3298 num
1066 3251 1124 3299 illud
1139 3254 1254 3312 spheram
1272 3256 1371 3306 diridet
1388 3262 1415 3306 in
1427 3263 1476 3308 dno
1488 3260 1606 3321 1111110ρά

334 3319 440 3366 finarum.
467 3320 586 3374 Quoniam
597 3329 693 3366 cometa
705 3316 826 3377 splendent
837 3317 889 3362 luce
900 3316 960 3363 Solis
992 3329 1092 3377 quorum
1103 3332 1177 3362 unum
1191 3317 1216 3364 ll
1233 3318 1255 3365 P
1269 3319 1303 3376 E,
1322 3334 1364 3369 eat
1376 3340 1461 3372 sersus
1473 3328 1554 3380 Solem
1566 3326 1604 3371 a*

334 3398 382 3430 Ν
392 3383 484 3439 reflari,
499 3385 565 3447 (Cor.
580 3383 612 3443 1.)
630 3383 646 3427 ii
663 3397 710 3427 non
727 3382 874 3435 videbuntur,
892 3380 960 3426 niaia
991 3394 1045 3425 rum
1064 3378 1117 3426 rerd
1138 3380 1164 3427 H
1178 3381 1202 3427 D
1216 3381 1248 3437 E,
1273 3384 1325 3430 Soli
1348 3391 1488 3447 opponitur.
1528 3391 1603 3437 (m

989 3459 1071 3489 omnes
1085 3445 1109 3489 in
1126 3446 1220 3504 sphera
1236 3463 1373 3508 segmento
1389 3454 1411 3499 B
1427 3456 1447 3501 C
1462 3458 1491 3505 G.
1505 3459 1603 3501 erm

989 3507 1129 3554 videbuntur
1140 3509 1163 3554 in
1175 3510 1349 3570 hemispherio
1363 3532 1449 3565 versos
1461 3520 1603 3571 &mm

988 3581 1066 3617 autem
1077 3572 1117 3633 qui
1134 3585 1256 3619 versantur
1271 3575 1297 3621 in
1309 3593 1445 3640 segmento
1464 3584 1484 3630 Β
1497 3585 1515 3629 A
1528 3583 1548 3628 G
1559 3580 1602 3624 vida

988 3636 1076 3682 buntur
1098 3637 1121 3682 in
1141 3637 1307 3698 henrisphaerio
1330 3646 1403 3704 quod
1430 3648 1477 3693 soti
1498 3647 1600 3706 oppn'm

990 3698 1070 3753 Quare
1078 3700 1096 3744 si
1105 3712 1254 3761 segmentum
1270 3705 1292 3750 B
1304 3706 1326 3752 C
1339 3709 1373 3761 G,
1385 3712 1465 3772 majus
1475 3713 1502 3757 ἀι
1511 3719 1602 3770 ΨΟ

990 3763 1011 3810 Β
1026 3765 1048 3809 A
1064 3765 1095 3818 G,
1108 3764 1185 3823 plures
1195 3778 1298 3814 cometa
1309 3771 1494 3822 videbunturia
1504 3773 1603 3831 beri*-

987 3828 1022 3873 rio
1033 3843 1111 3874 versus
1123 3828 1201 3875 Solem
1211 3828 1288 3891 quim
1305 3834 1333 3878 in
1352 3841 1472 3896 opposito.
1504 3839 1551 3886 Jaa
1565 3833 1601 3880 ut

987 3903 1083 3937 oometae
1095 3892 1163 3938 nudis
1173 3894 1283 3942 oculisne
1296 3898 1369 3957 prius
1381 3903 1522 3964 derogandus
1531 3913 1600 3947 naar-

987 3955 1066 4001 bibent
1076 3955 1146 4016 qudm
1157 3957 1204 4003 sint
1211 3956 1275 4006 Jove
1287 3966 1434 4023 propiorea;
1446 3981 1538 4028 ponne
1546 3969 1600 4024 ’ψ

988 4019 1050 4074 SA,
1062 4020 1151 4065 circiter
1161 4020 1177 4083 ᾗ
1187 4020 1309 4071 distantiae
1329 4027 1424 4076 Martia
1438 4048 1453 4077 a
1464 4032 1521 4084 sote
1536 4033 1600 4075 bas!

991 4084 1008 4129 S
1019 4085 1039 4129 A
1052 4084 1081 4130 sit
1091 4084 1181 4131 circiter
1189 4083 1264 4144 dupla
1273 4089 1382 4149 ipsiusS
1393 4095 1425 4150 Τ,
1433 4097 1598 4157 eritoegum

990 4148 1010 4192 B
1029 4148 1050 4194 G
1072 4148 1091 4194 C
1109 4148 1230 4208 plusquam
1251 4154 1397 4217 quadruplo
1416 4162 1491 4222 majus
1508 4168 1599 4221 argu·

989 4212 1009 4257 B
1024 4213 1046 4257 A
1057 4212 1087 4264 G.
1100 4210 1199 4273 ideoque
1208 4217 1351 4278 quadruplo
1364 4221 1403 4267 vel
1415 4223 1598 4284 quintuplopl·

986 4288 1083 4322 cometas
1093 4275 1230 4338 detegentur
1242 4279 1269 4324 in
1280 4282 1450 4343 hemispherio
1461 4303 1532 4334 verm
1542 4284 1596 4331 δὲ·

334 4340 387 4386 Sole
398 4338 585 4387 mutuabantur
596 4339 696 4386 utoculi
707 4339 778 4386 nostri
789 4338 832 4385 bic
844 4338 896 4386 luce
907 4356 954 4386 mo·
986 4338 1058 4401 qudm
1075 4340 1099 4385 in
1117 4341 1275 4401 hemispherio
1291 4352 1415 4406 opposito.
1454 4352 1514 4399 Atn'
1528 4358 1596 4396 aa

333 4407 377 4449 vari
390 4404 485 4463 pomint.
521 4403 636 4450 Pretered
647 4418 743 4450 cometas
753 4419 794 4463 per
804 4404 889 4450 caudas
905 4420 958 4450 suas
985 4413 1134 4450 cernerentur
1144 4405 1167 4451 in
1179 4407 1319 4468 regionibus
1332 4411 1409 4476 longe
1420 4416 1481 4462 uitri
1493 4418 1595 4461 Sum

332 4468 433 4514 maxime
450 4467 510 4514 fiunt
525 4468 652 4529 conspicui,
670 4469 711 4513 has
725 4478 803 4513 autern
814 4467 900 4514 caudas
910 4483 956 4514 non
985 4467 1045 4514 foret
1056 4468 1113 4524 SA,
1125 4468 1194 4530 longe
1205 4473 1283 4533 major
1293 4474 1373 4537 quim
1388 4479 1443 4536 ST,
1455 4491 1479 4527 et
1489 4479 1535 4526 idel
1542 4487 1595 4522 t-

332 4532 442 4578 emittunt
452 4532 586 4592 priusquam
597 4531 626 4577 ad
645 4532 722 4578 Solem
734 4533 904 4592 aliquantulum
921 4532 957 4578 in·
985 4541 1015 4577 tre
1026 4531 1109 4592 sepitis
1119 4532 1229 4580 deberent
1241 4551 1361 4596 apparu.
1374 4543 1400 4587 tn
1412 4546 1512 4604 pum„
1522 4539 1596 4595 &iq

331 4596 450 4646 cntuerint,
470 4611 541 4656 quare
560 4606 623 4654 patet
639 4605 740 4642 cometas
758 4611 806 4642 sese
822 4596 958 4656 conspicuos
986 4596 1070 4654 positia
1088 4596 1163 4643 1011111
1174 4598 1239 4643 enlm
1252 4600 1338 4650 Terre
1350 4607 1475 4655 ricinium
1484 4611 1521 4669 qui
1532 4608 1596 4661 ἸΨ

333 4674 379 4703 uun
396 4661 496 4717 prebere
513 4659 558 4704 nisi
575 4660 604 4705 sd
617 4660 737 4706 delinitam
747 4660 865 4722 quandam
876 4676 891 4706 a
903 4661 957 4706 Sole
986 4671 1066 4706 mento
1080 4660 1101 4706 B
1117 4661 1137 4706 A
1153 4661 1184 4717 G,
1202 4675 1337 4723 versantur,
1356 4680 1456 4719 oetam
1470 4671 1520 4718 vab
1532 4670 1595 4724 'nt-

334 4723 463 4768 tlistantinm
482 4723 598 4769 accedant.
644 4725 749 4771 Ponatur
770 4725 847 4785 itaque
868 4725 958 4784 sphaera
986 4736 1066 4770 mento
1078 4725 1098 4770 B
1111 4724 1131 4772 C
1145 4724 1176 4780 G,
1190 4725 1232 4772 Sol
1243 4727 1543 4790 insepultum
1569 4729 1594 4774 Β

335 4793 356 4833 A
372 4789 390 4832 B
404 4787 424 4832 C
438 4786 470 4840 G,
489 4786 535 4832 Soli
547 4788 691 4835 concentrica
701 4789 731 4834 ad
742 4789 812 4834 talem
823 4788 956 4834 distantiam
986 4788 1023 4833 bia
1035 4788 1171 4850 intelligitur
1180 4805 1224 4837 cur
1234 4804 1339 4842 nomeu
1348 4800 1594 4862 ηῃωμηῖᾗηω

331 4851 443 4912 descripta
456 4859 482 4897 ut
499 4849 577 4897 nullus
588 4863 677 4899 cometa
692 4863 785 4912 propter
800 4853 958 4900 illustrationis
985 4852 1104 4913 regionem
1117 4853 1182 4900 Solis.
