3300 5678
690 887 742 938 DE

389 1174 638 1254 CAUSA
695 1175 1040 1256 PHYSICA

116 1482 327 1582 FLUX
336 1481 420 1581 US
467 1483 561 1579 ΕΤ
608 1481 1014 1581 REFLUXUS
1060 1479 1307 1582 MARIS.

208 1812 231 1859 A
249 1809 321 1860 1).ss-
336 1809 572 1860 uacantium
589 1810 957 1862 uarnuunrlctuuu
976 1812 1221 1872 Puoaasaouu,

310 1978 559 2028 nsocmrnrn
578 1979 786 2031 Acaunum
805 1980 1116 2031 nnluuunauuus

215 2353 399 2437 Opiaim
414 2360 576 2415 commta
591 2352 669 2416 delet
683 2353 757 2430 dies,
773 2359 894 2414 namra
906 2351 1032 2434 judicio
1046 2353 1210 2436 opauco.

591 2735 778 2812 SECTIO
805 2736 836 2810 L

543 2979 872 3046 PHAENOMENA.

66 3159 294 3255 Puruosorffl
317 3198 437 3249 motum
457 3186 552 3250 maris
574 3185 727 3272 triplicem
741 3187 816 3251 olim
831 3199 1025 3275 agnoverunt
1034 3188 1064 3266 ‘,
1089 3185 1247 3266 diurnum,
1262 3209 1350 3252 men·

61 3314 183 3361 struum
199 3308 231 3358 et
245 3317 403 3371 annuum;
425 3307 513 3359 motu
528 3296 643 3359 diurno
656 3319 743 3360 mare
764 3297 812 3360 bis
828 3298 958 3385 singulis
973 3297 1083 3362 diebus
1099 3297 1274 3362 intumescit
1294 3296 1349 3362 dc·

58 3403 201 3491 fluitque,
225 3414 384 3467 menstruo
398 3414 493 3467 oestus
508 3402 540 3465 in
556 3403 688 3490 syzygiis
710 3403 911 3468 luminarium
925 3418 1088 3491 augentur,
1105 3406 1138 3468 in
1154 3403 1349 3491 quadraturis

57 3516 254 3589 minuuntur,
281 3533 385 3575 arrnuo
412 3510 547 3596 denique
570 3523 664 3575 oestus
692 3509 804 3597 hyeme
834 3508 928 3597 quim
951 3523 1059 3575 testate
1087 3510 1169 3576 fiunt
1195 3512 1348 3597 majores:

56 3619 169 3686 verum
183 3619 391 3705 phaenomena
405 3617 474 3681 hoec
490 3632 564 3711 sunt
577 3616 673 3704 pauld
688 3614 861 3681 accuratius
875 3617 1089 3702 proponenda.

103 3732 129 3796 l.
155 3731 266 3795 Motus
288 3729 382 3792 maris
405 3727 537 3792 diurnus
561 3726 731 3791 absolvitur
752 3727 837 3790 horis
860 3726 983 3790 circiter
1006 3725 1159 3790 solaribus
1182 3733 1223 3788 24
1244 3724 1349 3789 minu-

52 3843 160 3927 tisque
182 3838 291 3922 primis
314 3846 366 3913 48,
389 3835 551 3899 intervallo
567 3834 684 3898 scilicet
705 3832 852 3918 temporis
871 3854 933 3920 quo
957 3830 1049 3896 Luna
1071 3844 1157 3895 motu
1178 3849 1348 3916 apparente

47 3975 71 4014 a
87 3947 264 4012 meridiano
285 3945 347 4009 loci
369 3945 505 4029 cujusvis
520 3943 659 4030 digressa
673 3941 714 4006 ad
729 3940 863 4006 eundem
882 3942 1056 4005 revertitur.
1103 3939 1192 4005 Hinc
1214 3941 1347 4007 altitudo

46 4055 151 4120 maris
174 4054 312 4116 maxima
326 4051 480 4140 contingit
503 4049 595 4115 Luni
611 4050 786 4136 appellente
802 4049 842 4113 ad
862 4048 970 4112 datum
986 4050 1080 4113 situm
1095 4063 1238 4133 respectu
1254 4055 1347 4116 meri-

42 4168 140 4232 diani
163 4165 224 4229 loci
244 4164 329 4239 dati;
351 4163 460 4228 venirn
475 4160 554 4225 hora
568 4161 678 4226 solaris
701 4164 733 4225 in
748 4185 842 4248 quam
859 4161 967 4226 incidit
981 4175 1075 4225 aestus
1090 4162 1220 4249 singulis
1235 4164 1345 4231 dicbus

41 4278 242 4354 retardatur,
268 4276 379 4339 eodem
405 4274 468 4338 sert
494 4274 656 4337 intervallo
682 4295 746 4357 quo
771 4273 873 4337 Lunae
899 4272 1048 4357 appulsus
1070 4271 1110 4335 ad
1136 4274 1345 4340 meridianum

37 4386 121 4453 loci.
170 4390 276 4473 Atque
297 4386 349 4449 hic
371 4398 474 4449 motus
492 4384 571 4448 adeo
586 4383 729 4447 accurate
750 4382 790 4446 ad
808 4397 928 4448 motum
952 4383 1053 4448 Lunoe
1067 4387 1274 4470 componitur,
1299 4401 1343 4467 nt,

39 4493 229 4562 secundum
256 4495 488 4558 observationes
514 4517 533 4556 o
559 4492 655 4556 celeb.
679 4493 723 4558 D.
748 4492 871 4557 Cossini
893 4493 1010 4570 allam&
1035 4494 1114 4558 ratio
1136 4495 1178 4560 sit
1199 4496 1343 4563 habenda

39 4602 140 4670 horae
164 4605 199 4667 in
221 4626 315 4689 quam
337 4603 446 4667 incidit
467 4624 541 4665 vera
563 4602 742 4687 conjunctio
764 4600 813 4663 vel
834 4601 991 4685 oppositio
1008 4603 1099 4682 Solis,
1122 4616 1155 4669 et
1175 4609 1343 4693 aquatica

495 4792 507 4816 ·
524 4786 585 4834 Pliu.
602 4786 653 4835 lul).
671 4787 707 4834 11.
723 4788 779 4850 Cap.
796 4786 896 4836 XCIX.

673 4872 726 4927 Qu
