<?xml version="1.0" encoding="UTF-8"?>
<!DOCTYPE html PUBLIC "-//W3C//DTD XHTML 1.0 Transitional//EN"
    "http://www.w3.org/TR/xhtml1/DTD/xhtml1-transitional.dtd">
<html xmlns="http://www.w3.org/1999/xhtml" xml:lang="en" lang="en">
 <head>
  <title>
</title>
<meta http-equiv="Content-Type" content="text/html;charset=utf-8" />
  <meta name='ocr-system' content='tesseract 3.04.00' />
  <meta name='ocr-capabilities' content='ocr_page ocr_carea ocr_par ocr_line ocrx_word'/>
</head>
<body>
  <div class='ocr_page' id='page_1' title='image "./philosophiaenat01newtgoog_0521.png"; bbox 0 0 3330 5692; ppageno 0'>
   <div class='ocr_carea' id='block_1_1' title="bbox 74 550 1363 633">
    <p class='ocr_par' dir='ltr' id='par_1_1' title="bbox 74 550 1363 633">
     <span class='ocr_line' id='line_1_1' title="bbox 74 550 1363 633; baseline 0.002 -17"><span class='ocrx_word' id='word_1_1' title='bbox 74 550 380 633; x_wconf 63' lang='lat' dir='ltr'>bernharius]</span> <span class='ocrx_word' id='word_1_2' title='bbox 409 550 652 620; x_wconf 78' lang='lat' dir='ltr'>PRINClPlA</span> <span class='ocrx_word' id='word_1_3' title='bbox 675 551 1047 621; x_wconf 81' lang='lat' dir='ltr'><strong>MATHEMATICA.</strong></span> <span class='ocrx_word' id='word_1_4' title='bbox 1307 564 1363 620; x_wconf 79' lang='grc'>131</span> 
     </span>
    </p>
   </div>
   <div class='ocr_carea' id='block_1_2' title="bbox 60 730 1409 4305">
    <p class='ocr_par' dir='ltr' id='par_1_2' title="bbox 62 730 1366 1474">
     <span class='ocr_line' id='line_1_2' title="bbox 72 730 1364 821; baseline 0.005 -26"><span class='ocrx_word' id='word_1_5' title='bbox 72 732 241 817; x_wconf 73' lang='lat' dir='ltr'>superabit.</span> <span class='ocrx_word' id='word_1_6' title='bbox 289 730 416 797; x_wconf 78' lang='lat' dir='ltr'>Minore</span> <span class='ocrx_word' id='word_1_7' title='bbox 436 733 532 821; x_wconf 90' lang='lat' dir='ltr'>igitur</span> <span class='ocrx_word' id='word_1_8' title='bbox 554 756 626 798; x_wconf 90' lang='lat' dir='ltr'>cum</span> <span class='ocrx_word' id='word_1_9' title='bbox 646 733 799 799; x_wconf 84' lang='lat' dir='ltr'>diametro</span> <span class='ocrx_word' id='word_1_10' title='bbox 819 747 990 820; x_wconf 84' lang='lat' dir='ltr'>apparente</span> <span class='ocrx_word' id='word_1_11' title='bbox 1010 734 1082 819; x_wconf 90' lang='lat' dir='ltr'>plus</span> <span class='ocrx_word' id='word_1_12' title='bbox 1107 731 1186 798; x_wconf 89' lang='lat' dir='ltr'>lucis</span> <span class='ocrx_word' id='word_1_13' title='bbox 1210 736 1364 814; x_wconf 84' lang='lat' dir='ltr'>emittens,</span> 
     </span>
     <span class='ocr_line' id='line_1_3' title="bbox 69 841 1366 932; baseline 0.005 -28"><span class='ocrx_word' id='word_1_14' title='bbox 69 841 172 906; x_wconf 80' lang='lat' dir='ltr'>multd</span> <span class='ocrx_word' id='word_1_15' title='bbox 186 841 285 929; x_wconf 84' lang='lat' dir='ltr'>magis</span> <span class='ocrx_word' id='word_1_16' title='bbox 300 841 504 909; x_wconf 87' lang='lat' dir='ltr'><strong>illustrabitur</strong></span> <span class='ocrx_word' id='word_1_17' title='bbox 518 867 538 908; x_wconf 88' lang='lat' dir='ltr'>a</span> <span class='ocrx_word' id='word_1_18' title='bbox 554 844 637 922; x_wconf 91' lang='lat' dir='ltr'>Sole,</span> <span class='ocrx_word' id='word_1_19' title='bbox 653 845 786 932; x_wconf 75' lang='lat' dir='ltr'>ideoque</span> <span class='ocrx_word' id='word_1_20' title='bbox 801 846 861 910; x_wconf 89' lang='lat' dir='ltr'>erit</span> <span class='ocrx_word' id='word_1_21' title='bbox 876 846 942 910; x_wconf 88' lang='lat' dir='ltr'>Soli</span> <span class='ocrx_word' id='word_1_22' title='bbox 961 843 1061 908; x_wconf 83' lang='lat' dir='ltr'>multb</span> <span class='ocrx_word' id='word_1_23' title='bbox 1075 845 1214 928; x_wconf 86' lang='lat' dir='ltr'>propior.</span> <span class='ocrx_word' id='word_1_24' title='bbox 1263 846 1366 920; x_wconf 86' lang='lat' dir='ltr'>Quin-</span> 
     </span>
     <span class='ocr_line' id='line_1_4' title="bbox 70 951 1365 1041; baseline 0.003 -27"><span class='ocrx_word' id='word_1_25' title='bbox 70 951 166 1015; x_wconf 83' lang='lat' dir='ltr'>etiam</span> <span class='ocrx_word' id='word_1_26' title='bbox 180 952 283 1036; x_wconf 85' lang='lat' dir='ltr'>capita</span> <span class='ocrx_word' id='word_1_27' title='bbox 297 953 355 1015; x_wconf 92' lang='lat' dir='ltr'>sub</span> <span class='ocrx_word' id='word_1_28' title='bbox 372 953 446 1017; x_wconf 91' lang='lat' dir='ltr'>Sole</span> <span class='ocrx_word' id='word_1_29' title='bbox 460 953 680 1032; x_wconf 69' lang='lat' dir='ltr'><strong>delitescentia,</strong></span> <span class='ocrx_word' id='word_1_30' title='bbox 697 967 729 1018; x_wconf 91' lang='lat' dir='ltr'>et</span> <span class='ocrx_word' id='word_1_31' title='bbox 743 953 858 1017; x_wconf 87' lang='lat' dir='ltr'>caudas</span> <span class='ocrx_word' id='word_1_32' title='bbox 873 953 945 1018; x_wconf 80' lang='grc'><strong>111111</strong></span> <span class='ocrx_word' id='word_1_33' title='bbox 959 953 1111 1017; x_wconf 86' lang='lat' dir='ltr'>maximas</span> <span class='ocrx_word' id='word_1_34' title='bbox 1124 966 1191 1016; x_wconf 93' lang='lat' dir='ltr'>tum</span> <span class='ocrx_word' id='word_1_35' title='bbox 1201 952 1365 1041; x_wconf 87' lang='lat' dir='ltr'>fulgentis-</span> 
     </span>
     <span class='ocr_line' id='line_1_5' title="bbox 68 1064 1365 1153; baseline 0.002 -25"><span class='ocrx_word' id='word_1_36' title='bbox 68 1064 165 1128; x_wconf 90' lang='lat' dir='ltr'>simas</span> <span class='ocrx_word' id='word_1_37' title='bbox 180 1064 278 1127; x_wconf 88' lang='lat' dir='ltr'>instar</span> <span class='ocrx_word' id='word_1_38' title='bbox 292 1064 429 1128; x_wconf 82' lang='lat' dir='ltr'>trabium</span> <span class='ocrx_word' id='word_1_39' title='bbox 443 1065 612 1153; x_wconf 84' lang='lat' dir='ltr'>ignitarum</span> <span class='ocrx_word' id='word_1_40' title='bbox 626 1087 850 1152; x_wconf 87' lang='lat' dir='ltr'>nonnunquam</span> <span class='ocrx_word' id='word_1_41' title='bbox 860 1064 1041 1142; x_wconf 77' lang='lat' dir='ltr'>emittentia,</span> <span class='ocrx_word' id='word_1_42' title='bbox 1054 1064 1165 1127; x_wconf 90' lang='lat' dir='ltr'>eodem</span> <span class='ocrx_word' id='word_1_43' title='bbox 1180 1079 1365 1151; x_wconf 90' lang='lat' dir='ltr'>argumento</span> 
     </span>
     <span class='ocr_line' id='line_1_6' title="bbox 67 1168 1364 1238; baseline 0.004 -5"><span class='ocrx_word' id='word_1_44' title='bbox 67 1168 151 1233; x_wconf 85' lang='lat' dir='ltr'>infra</span> <span class='ocrx_word' id='word_1_45' title='bbox 172 1171 281 1236; x_wconf 90' lang='lat' dir='ltr'>orbem</span> <span class='ocrx_word' id='word_1_46' title='bbox 305 1171 436 1235; x_wconf 90' lang='lat' dir='ltr'>Veneris</span> <span class='ocrx_word' id='word_1_47' title='bbox 459 1173 605 1237; x_wconf 89' lang='lat' dir='ltr'>collocari</span> <span class='ocrx_word' id='word_1_48' title='bbox 625 1172 750 1237; x_wconf 87' lang='lat' dir='ltr'>debent</span> <span class='ocrx_word' id='word_1_49' title='bbox 795 1172 880 1237; x_wconf 86' lang='lat' dir='ltr'>Nam</span> <span class='ocrx_word' id='word_1_50' title='bbox 899 1173 955 1236; x_wconf 85' lang='lat' dir='ltr'>lux</span> <span class='ocrx_word' id='word_1_51' title='bbox 968 1173 1022 1236; x_wconf 87' lang='lat' dir='ltr'>illa</span> <span class='ocrx_word' id='word_1_52' title='bbox 1036 1173 1138 1235; x_wconf 87' lang='lat' dir='ltr'>omnis</span> <span class='ocrx_word' id='word_1_53' title='bbox 1153 1173 1226 1236; x_wconf 88' lang='lat' dir='ltr'>siin</span> <span class='ocrx_word' id='word_1_54' title='bbox 1241 1173 1364 1238; x_wconf 87' lang='lat' dir='ltr'>stellam</span> 
     </span>
     <span class='ocr_line' id='line_1_7' title="bbox 67 1280 1363 1369; baseline 0.005 -27"><span class='ocrx_word' id='word_1_55' title='bbox 67 1280 256 1367; x_wconf 85' lang='lat' dir='ltr'>congregari</span> <span class='ocrx_word' id='word_1_56' title='bbox 278 1293 481 1365; x_wconf 84' lang='lat' dir='ltr'>supponatur,</span> <span class='ocrx_word' id='word_1_57' title='bbox 504 1281 606 1366; x_wconf 90' lang='lat' dir='ltr'>ipsam</span> <span class='ocrx_word' id='word_1_58' title='bbox 627 1283 785 1348; x_wconf 88' lang='lat' dir='ltr'>Venerem</span> <span class='ocrx_word' id='word_1_59' title='bbox 805 1305 846 1346; x_wconf 90' lang='lat' dir='ltr'>ne</span> <span class='ocrx_word' id='word_1_60' title='bbox 866 1282 969 1347; x_wconf 89' lang='lat' dir='ltr'>dicam</span> <span class='ocrx_word' id='word_1_61' title='bbox 992 1283 1132 1347; x_wconf 89' lang='lat' dir='ltr'>Veneres</span> <span class='ocrx_word' id='word_1_62' title='bbox 1153 1283 1262 1369; x_wconf 89' lang='lat' dir='ltr'>plures</span> <span class='ocrx_word' id='word_1_63' title='bbox 1288 1307 1363 1349; x_wconf 89' lang='lat' dir='ltr'>con·</span> 
     </span>
     <span class='ocr_line' id='line_1_8' title="bbox 62 1387 578 1474; baseline 0.008 -24"><span class='ocrx_word' id='word_1_64' title='bbox 62 1388 191 1473; x_wconf 85' lang='lat' dir='ltr'>junctas</span> <span class='ocrx_word' id='word_1_65' title='bbox 206 1387 393 1474; x_wconf 84' lang='lat' dir='ltr'>quandoque</span> <span class='ocrx_word' id='word_1_66' title='bbox 408 1403 578 1472; x_wconf 85' lang='lat' dir='ltr'>superaret</span> 
     </span>
    </p>

    <p class='ocr_par' dir='ltr' id='par_1_3' title="bbox 60 1496 1409 4305">
     <span class='ocr_line' id='line_1_9' title="bbox 113 1496 1361 1586; baseline 0.005 -26"><span class='ocrx_word' id='word_1_67' title='bbox 113 1496 204 1561; x_wconf 87' lang='lat' dir='ltr'>Idem</span> <span class='ocrx_word' id='word_1_68' title='bbox 224 1497 358 1584; x_wconf 89' lang='lat' dir='ltr'>denique</span> <span class='ocrx_word' id='word_1_69' title='bbox 379 1499 536 1586; x_wconf 82' lang='lat' dir='ltr'>colligitur</span> <span class='ocrx_word' id='word_1_70' title='bbox 558 1521 599 1565; x_wconf 81' lang='lat' dir='ltr'>ex</span> <span class='ocrx_word' id='word_1_71' title='bbox 619 1500 690 1564; x_wconf 92' lang='lat' dir='ltr'>luce</span> <span class='ocrx_word' id='word_1_72' title='bbox 711 1501 848 1585; x_wconf 90' lang='lat' dir='ltr'>capitum</span> <span class='ocrx_word' id='word_1_73' title='bbox 870 1512 1028 1566; x_wconf 81' lang='lat' dir='ltr'>crescente</span> <span class='ocrx_word' id='word_1_74' title='bbox 1050 1501 1083 1563; x_wconf 92' lang='lat' dir='ltr'>in</span> <span class='ocrx_word' id='word_1_75' title='bbox 1109 1522 1234 1565; x_wconf 89' lang='lat' dir='ltr'>recessu</span> <span class='ocrx_word' id='word_1_76' title='bbox 1258 1523 1361 1567; x_wconf 91' lang='lat' dir='ltr'>come·</span> 
     </span>
     <span class='ocr_line' id='line_1_10' title="bbox 64 1607 1361 1687; baseline 0.004 -17"><span class='ocrx_word' id='word_1_77' title='bbox 64 1618 173 1671; x_wconf 84' lang='lat' dir='ltr'>tarum</span> <span class='ocrx_word' id='word_1_78' title='bbox 194 1631 213 1671; x_wconf 92' lang='lat' dir='ltr'>a</span> <span class='ocrx_word' id='word_1_79' title='bbox 235 1607 336 1672; x_wconf 77' lang='lat' dir='ltr'>Terrtl</span> <span class='ocrx_word' id='word_1_80' title='bbox 359 1609 465 1672; x_wconf 89' lang='lat' dir='ltr'>Solem</span> <span class='ocrx_word' id='word_1_81' title='bbox 487 1607 603 1687; x_wconf 76' lang='lat' dir='ltr'>versis,</span> <span class='ocrx_word' id='word_1_82' title='bbox 627 1632 664 1674; x_wconf 88' lang='lat' dir='ltr'>ac</span> <span class='ocrx_word' id='word_1_83' title='bbox 686 1609 884 1675; x_wconf 76' lang='lat' dir='ltr'>decrescente</span> <span class='ocrx_word' id='word_1_84' title='bbox 907 1611 941 1672; x_wconf 95' lang='lat' dir='ltr'>in</span> <span class='ocrx_word' id='word_1_85' title='bbox 963 1630 1074 1672; x_wconf 91' lang='lat' dir='ltr'>eorum</span> <span class='ocrx_word' id='word_1_86' title='bbox 1096 1631 1220 1673; x_wconf 86' lang='lat' dir='ltr'>recessu</span> <span class='ocrx_word' id='word_1_87' title='bbox 1241 1633 1261 1673; x_wconf 93' lang='lat' dir='ltr'>a</span> <span class='ocrx_word' id='word_1_88' title='bbox 1287 1610 1361 1675; x_wconf 84' lang='lat' dir='ltr'>Sole</span> 
     </span>
     <span class='ocr_line' id='line_1_11' title="bbox 64 1712 1360 1802; baseline 0.006 -26"><span class='ocrx_word' id='word_1_89' title='bbox 64 1712 177 1778; x_wconf 84' lang='lat' dir='ltr'>versds</span> <span class='ocrx_word' id='word_1_90' title='bbox 203 1714 346 1779; x_wconf 88' lang='lat' dir='ltr'>Terram.</span> <span class='ocrx_word' id='word_1_91' title='bbox 408 1716 461 1780; x_wconf 89' lang='lat' dir='ltr'>Sic</span> <span class='ocrx_word' id='word_1_92' title='bbox 485 1718 569 1780; x_wconf 90' lang='lat' dir='ltr'>enim</span> <span class='ocrx_word' id='word_1_93' title='bbox 598 1728 720 1781; x_wconf 88' lang='lat' dir='ltr'>cometa</span> <span class='ocrx_word' id='word_1_94' title='bbox 747 1719 902 1801; x_wconf 88' lang='lat' dir='ltr'>posterior</span> <span class='ocrx_word' id='word_1_95' title='bbox 926 1719 1000 1782; x_wconf 78' lang='lat' dir='ltr'>antri</span> <span class='ocrx_word' id='word_1_96' title='bbox 1033 1725 1126 1782; x_wconf 89' lang='lat'><strong>1666.</strong></span> <span class='ocrx_word' id='word_1_97' title='bbox 1163 1719 1360 1802; x_wconf 85' lang='lat' dir='ltr'>(observante</span> 
     </span>
     <span class='ocr_line' id='line_1_12' title="bbox 66 1805 1360 1911; baseline 0.001 -22"><span class='ocrx_word' id='word_1_98' title='bbox 66 1805 222 1904; x_wconf 85' lang='lat' dir='ltr'>Hevelio)</span> <span class='ocrx_word' id='word_1_99' title='bbox 244 1846 285 1887; x_wconf 87' lang='lat' dir='ltr'>ex</span> <span class='ocrx_word' id='word_1_100' title='bbox 308 1846 371 1910; x_wconf 94' lang='lat' dir='ltr'>quo</span> <span class='ocrx_word' id='word_1_101' title='bbox 392 1825 530 1908; x_wconf 89' lang='lat' dir='ltr'>conspici</span> <span class='ocrx_word' id='word_1_102' title='bbox 551 1825 655 1910; x_wconf 68' lang='lat' dir='ltr'>coepit,</span> <span class='ocrx_word' id='word_1_103' title='bbox 679 1826 858 1889; x_wconf 87' lang='lat' dir='ltr'>remittebat</span> <span class='ocrx_word' id='word_1_104' title='bbox 879 1846 1002 1909; x_wconf 89' lang='lat' dir='ltr'>semper</span> <span class='ocrx_word' id='word_1_105' title='bbox 1022 1823 1064 1888; x_wconf 90' lang='lat' dir='ltr'>de</span> <span class='ocrx_word' id='word_1_106' title='bbox 1083 1836 1172 1887; x_wconf 91' lang='lat' dir='ltr'>motu</span> <span class='ocrx_word' id='word_1_107' title='bbox 1192 1847 1249 1887; x_wconf 90' lang='lat' dir='ltr'>suo</span> <span class='ocrx_word' id='word_1_108' title='bbox 1264 1847 1360 1911; x_wconf 83' lang='lat' dir='ltr'>appa·</span> 
     </span>
     <span class='ocr_line' id='line_1_13' title="bbox 62 1938 1360 2027; baseline 0 -25"><span class='ocrx_word' id='word_1_109' title='bbox 62 1951 166 2018; x_wconf 88' lang='lat' dir='ltr'>rente,</span> <span class='ocrx_word' id='word_1_110' title='bbox 187 1938 321 2025; x_wconf 76' lang='lat' dir='ltr'>idebque</span> <span class='ocrx_word' id='word_1_111' title='bbox 343 1941 536 2024; x_wconf 75' lang='lat' dir='ltr'>praeterierat</span> <span class='ocrx_word' id='word_1_112' title='bbox 557 1942 748 2027; x_wconf 82' lang='lat' dir='ltr'>perigaeum;</span> <span class='ocrx_word' id='word_1_113' title='bbox 771 1940 920 2024; x_wconf 87' lang='lat' dir='ltr'>splendor</span> <span class='ocrx_word' id='word_1_114' title='bbox 933 1938 1010 2003; x_wconf 85' lang='lat' dir='ltr'>verb</span> <span class='ocrx_word' id='word_1_115' title='bbox 1028 1939 1137 2025; x_wconf 88' lang='lat' dir='ltr'>capitis</span> <span class='ocrx_word' id='word_1_116' title='bbox 1158 1939 1360 2002; x_wconf 91' lang='lat' dir='ltr'>nihilominus</span> 
     </span>
     <span class='ocr_line' id='line_1_14' title="bbox 60 2049 1360 2136; baseline 0 -24"><span class='ocrx_word' id='word_1_117' title='bbox 60 2049 167 2113; x_wconf 87' lang='lat' dir='ltr'>indies</span> <span class='ocrx_word' id='word_1_118' title='bbox 188 2049 356 2126; x_wconf 87' lang='lat' dir='ltr'>crescebat,</span> <span class='ocrx_word' id='word_1_119' title='bbox 379 2050 569 2136; x_wconf 91' lang='lat' dir='ltr'>usquedum</span> <span class='ocrx_word' id='word_1_120' title='bbox 584 2062 706 2114; x_wconf 85' lang='lat' dir='ltr'>cometa</span> <span class='ocrx_word' id='word_1_121' title='bbox 726 2050 821 2114; x_wconf 85' lang='lat' dir='ltr'>radiis</span> <span class='ocrx_word' id='word_1_122' title='bbox 836 2049 988 2114; x_wconf 85' lang='lat' dir='ltr'>solaribus</span> <span class='ocrx_word' id='word_1_123' title='bbox 1003 2049 1145 2115; x_wconf 89' lang='lat' dir='ltr'>obtectus</span> <span class='ocrx_word' id='word_1_124' title='bbox 1159 2050 1250 2113; x_wconf 89' lang='lat' dir='ltr'>desiit</span> <span class='ocrx_word' id='word_1_125' title='bbox 1264 2071 1360 2133; x_wconf 89' lang='lat' dir='ltr'>appa-</span> 
     </span>
     <span class='ocr_line' id='line_1_15' title="bbox 62 2156 1360 2243; baseline 0 -23"><span class='ocrx_word' id='word_1_126' title='bbox 62 2177 147 2222; x_wconf 87' lang='lat' dir='ltr'>rere.</span> <span class='ocrx_word' id='word_1_127' title='bbox 194 2156 326 2221; x_wconf 89' lang='lat' dir='ltr'>Cometa</span> <span class='ocrx_word' id='word_1_128' title='bbox 350 2158 425 2221; x_wconf 91' lang='lat' dir='ltr'>anni</span> <span class='ocrx_word' id='word_1_129' title='bbox 450 2167 542 2223; x_wconf 80' lang='lat'><strong>1683.</strong></span> <span class='ocrx_word' id='word_1_130' title='bbox 565 2159 763 2243; x_wconf 89' lang='lat' dir='ltr'>(observante</span> <span class='ocrx_word' id='word_1_131' title='bbox 783 2159 895 2222; x_wconf 88' lang='lat' dir='ltr'>eodem</span> <span class='ocrx_word' id='word_1_132' title='bbox 922 2158 1071 2239; x_wconf 88' lang='lat' dir='ltr'>Hevelio)</span> <span class='ocrx_word' id='word_1_133' title='bbox 1095 2160 1129 2223; x_wconf 93' lang='lat' dir='ltr'>in</span> <span class='ocrx_word' id='word_1_134' title='bbox 1154 2158 1218 2221; x_wconf 87' lang='lat' dir='ltr'>fine</span> <span class='ocrx_word' id='word_1_135' title='bbox 1243 2158 1360 2222; x_wconf 90' lang='lat' dir='ltr'>mensis</span> 
     </span>
     <span class='ocr_line' id='line_1_16' title="bbox 62 2262 1359 2351; baseline 0.003 -24"><span class='ocrx_word' id='word_1_136' title='bbox 62 2262 153 2340; x_wconf 87' lang='lat' dir='ltr'>Julii‚</span> <span class='ocrx_word' id='word_1_137' title='bbox 169 2262 224 2327; x_wconf 94' lang='lat' dir='ltr'>ubi</span> <span class='ocrx_word' id='word_1_138' title='bbox 237 2265 373 2348; x_wconf 90' lang='lat' dir='ltr'>primum</span> <span class='ocrx_word' id='word_1_139' title='bbox 389 2278 572 2349; x_wconf 90' lang='lat' dir='ltr'>conspectus</span> <span class='ocrx_word' id='word_1_140' title='bbox 587 2280 644 2343; x_wconf 85' lang='lat' dir='ltr'>est,</span> <span class='ocrx_word' id='word_1_141' title='bbox 660 2267 835 2331; x_wconf 88' lang='lat' dir='ltr'>tardissime</span> <span class='ocrx_word' id='word_1_142' title='bbox 849 2268 1041 2345; x_wconf 89' lang='lat' dir='ltr'>movebatur,</span> <span class='ocrx_word' id='word_1_143' title='bbox 1063 2269 1183 2331; x_wconf 90' lang='lat' dir='ltr'>minuta</span> <span class='ocrx_word' id='word_1_144' title='bbox 1198 2267 1302 2351; x_wconf 87' lang='lat' dir='ltr'>prima</span> <span class='ocrx_word' id='word_1_145' title='bbox 1316 2276 1359 2331; x_wconf 81' lang='lat'>40</span> 
     </span>
     <span class='ocr_line' id='line_1_17' title="bbox 63 2375 1360 2464; baseline 0.002 -26"><span class='ocrx_word' id='word_1_146' title='bbox 63 2375 116 2439; x_wconf 92' lang='lat' dir='ltr'>vel</span> <span class='ocrx_word' id='word_1_147' title='bbox 142 2384 183 2440; x_wconf 77' lang='lat'>45</span> <span class='ocrx_word' id='word_1_148' title='bbox 199 2377 321 2440; x_wconf 91' lang='lat' dir='ltr'>circiter</span> <span class='ocrx_word' id='word_1_149' title='bbox 343 2378 471 2464; x_wconf 92' lang='lat' dir='ltr'>singulis</span> <span class='ocrx_word' id='word_1_150' title='bbox 494 2378 603 2443; x_wconf 91' lang='lat' dir='ltr'>diebus</span> <span class='ocrx_word' id='word_1_151' title='bbox 625 2380 659 2442; x_wconf 91' lang='lat' dir='ltr'>in</span> <span class='ocrx_word' id='word_1_152' title='bbox 680 2378 757 2442; x_wconf 90' lang='lat' dir='ltr'>orbe</span> <span class='ocrx_word' id='word_1_153' title='bbox 779 2401 836 2442; x_wconf 91' lang='lat' dir='ltr'>suo</span> <span class='ocrx_word' id='word_1_154' title='bbox 854 2378 1033 2441; x_wconf 90' lang='lat' dir='ltr'>conficiens.</span> <span class='ocrx_word' id='word_1_155' title='bbox 1078 2377 1132 2442; x_wconf 88' lang='lat' dir='ltr'>Ex</span> <span class='ocrx_word' id='word_1_156' title='bbox 1155 2400 1194 2440; x_wconf 94' lang='lat' dir='ltr'>eo</span> <span class='ocrx_word' id='word_1_157' title='bbox 1218 2391 1360 2460; x_wconf 88' lang='lat' dir='ltr'>ternpore</span> 
     </span>
     <span class='ocr_line' id='line_1_18' title="bbox 62 2482 1359 2573; baseline -0.002 -25"><span class='ocrx_word' id='word_1_158' title='bbox 62 2496 169 2548; x_wconf 88' lang='lat' dir='ltr'>motus</span> <span class='ocrx_word' id='word_1_159' title='bbox 192 2487 258 2571; x_wconf 91' lang='lat' dir='ltr'>ejus</span> <span class='ocrx_word' id='word_1_160' title='bbox 280 2485 410 2549; x_wconf 92' lang='lat' dir='ltr'>diurnus</span> <span class='ocrx_word' id='word_1_161' title='bbox 431 2485 585 2571; x_wconf 79' lang='lat' dir='ltr'>perpetud</span> <span class='ocrx_word' id='word_1_162' title='bbox 607 2486 780 2573; x_wconf 83' lang='lat' dir='ltr'>augebatur</span> <span class='ocrx_word' id='word_1_163' title='bbox 794 2484 947 2571; x_wconf 92' lang='lat' dir='ltr'>usquead</span> <span class='ocrx_word' id='word_1_164' title='bbox 964 2485 1050 2568; x_wconf 85' lang='lat' dir='ltr'>Sept</span> <span class='ocrx_word' id='word_1_165' title='bbox 1067 2494 1097 2547; x_wconf 81' lang='lat'>4.</span> <span class='ocrx_word' id='word_1_166' title='bbox 1113 2483 1241 2569; x_wconf 92' lang='lat' dir='ltr'>quando</span> <span class='ocrx_word' id='word_1_167' title='bbox 1263 2482 1359 2546; x_wconf 85' lang='lat' dir='ltr'>evasit</span> 
     </span>
     <span class='ocr_line' id='line_1_19' title="bbox 63 2588 1360 2679; baseline -0.002 -26"><span class='ocrx_word' id='word_1_168' title='bbox 63 2589 224 2678; x_wconf 80' lang='lat' dir='ltr'>graduum</span> <span class='ocrx_word' id='word_1_169' title='bbox 239 2591 326 2676; x_wconf 89' lang='lat' dir='ltr'>quasi</span> <span class='ocrx_word' id='word_1_170' title='bbox 338 2592 483 2677; x_wconf 91' lang='lat' dir='ltr'>quinque.</span> <span class='ocrx_word' id='word_1_171' title='bbox 529 2591 631 2679; x_wconf 85' lang='lat' dir='ltr'>Igitur</span> <span class='ocrx_word' id='word_1_172' title='bbox 645 2605 711 2655; x_wconf 89' lang='lat' dir='ltr'>toto</span> <span class='ocrx_word' id='word_1_173' title='bbox 725 2591 786 2654; x_wconf 93' lang='lat' dir='ltr'>hoc</span> <span class='ocrx_word' id='word_1_174' title='bbox 809 2603 949 2675; x_wconf 91' lang='lat' dir='ltr'>tempore</span> <span class='ocrx_word' id='word_1_175' title='bbox 964 2602 1085 2653; x_wconf 87' lang='lat' dir='ltr'>cometa</span> <span class='ocrx_word' id='word_1_176' title='bbox 1100 2589 1141 2653; x_wconf 92' lang='lat' dir='ltr'>ad</span> <span class='ocrx_word' id='word_1_177' title='bbox 1156 2588 1290 2653; x_wconf 89' lang='lat' dir='ltr'>Terram</span> <span class='ocrx_word' id='word_1_178' title='bbox 1305 2610 1360 2673; x_wconf 88' lang='lat' dir='ltr'>ap-</span> 
     </span>
     <span class='ocr_line' id='line_1_20' title="bbox 63 2690 1358 2784; baseline -0.001 -25"><span class='ocrx_word' id='word_1_179' title='bbox 63 2690 307 2783; x_wconf 86' lang='lat' dir='ltr'>propinquabat</span> <span class='ocrx_word' id='word_1_180' title='bbox 353 2697 393 2762; x_wconf 95' lang='lat' dir='ltr'>Id</span> <span class='ocrx_word' id='word_1_181' title='bbox 414 2698 499 2784; x_wconf 92' lang='lat' dir='ltr'>quod</span> <span class='ocrx_word' id='word_1_182' title='bbox 514 2699 607 2762; x_wconf 84' lang='lat' dir='ltr'>etiam</span> <span class='ocrx_word' id='word_1_183' title='bbox 622 2720 662 2762; x_wconf 89' lang='lat' dir='ltr'>ex</span> <span class='ocrx_word' id='word_1_184' title='bbox 677 2697 829 2760; x_wconf 85' lang='lat' dir='ltr'>diametro</span> <span class='ocrx_word' id='word_1_185' title='bbox 844 2697 953 2780; x_wconf 84' lang='lat' dir='ltr'>capitis</span> <span class='ocrx_word' id='word_1_186' title='bbox 967 2697 1167 2760; x_wconf 90' lang='lat' dir='ltr'>micrometro</span> <span class='ocrx_word' id='word_1_187' title='bbox 1180 2694 1358 2759; x_wconf 71' lang='lat' dir='ltr'>mensurati</span> 
     </span>
     <span class='ocr_line' id='line_1_21' title="bbox 64 2803 1359 2891; baseline -0.002 -23"><span class='ocrx_word' id='word_1_188' title='bbox 64 2804 242 2891; x_wconf 87' lang='lat' dir='ltr'>colligitur:</span> <span class='ocrx_word' id='word_1_189' title='bbox 265 2806 382 2891; x_wconf 90' lang='lat' dir='ltr'>quippe</span> <span class='ocrx_word' id='word_1_190' title='bbox 409 2828 502 2890; x_wconf 88' lang='lat' dir='ltr'>quarn</span> <span class='ocrx_word' id='word_1_191' title='bbox 527 2803 679 2869; x_wconf 82' lang='lat' dir='ltr'>Herelius</span> <span class='ocrx_word' id='word_1_192' title='bbox 705 2803 821 2887; x_wconf 91' lang='lat' dir='ltr'>reperit</span> <span class='ocrx_word' id='word_1_193' title='bbox 845 2805 928 2889; x_wconf 88' lang='lat' dir='ltr'>Aug.</span> <span class='ocrx_word' id='word_1_194' title='bbox 953 2812 984 2867; x_wconf 91' lang='grc'>6.</span> <span class='ocrx_word' id='word_1_195' title='bbox 1009 2825 1075 2867; x_wconf 89' lang='lat' dir='ltr'>esse</span> <span class='ocrx_word' id='word_1_196' title='bbox 1099 2814 1221 2866; x_wconf 90' lang='lat' dir='ltr'>tantum</span> <span class='ocrx_word' id='word_1_197' title='bbox 1248 2805 1287 2866; x_wconf 89' lang='lat'>6&#39;.</span> <span class='ocrx_word' id='word_1_198' title='bbox 1310 2803 1359 2866; x_wconf 81' lang='lat'>5&#39;‘.</span> 
     </span>
     <span class='ocr_line' id='line_1_22' title="bbox 63 2914 1360 3004; baseline 0.001 -26"><span class='ocrx_word' id='word_1_199' title='bbox 63 2914 187 2980; x_wconf 88' lang='lat' dir='ltr'>inclusa</span> <span class='ocrx_word' id='word_1_200' title='bbox 209 2937 307 2992; x_wconf 90' lang='lat' dir='ltr'>coma,</span> <span class='ocrx_word' id='word_1_201' title='bbox 330 2926 363 2979; x_wconf 89' lang='lat' dir='ltr'>at</span> <span class='ocrx_word' id='word_1_202' title='bbox 386 2917 471 3000; x_wconf 87' lang='lat' dir='ltr'>Sept.</span> <span class='ocrx_word' id='word_1_203' title='bbox 495 2924 525 2979; x_wconf 76' lang='lat'>2.</span> <span class='ocrx_word' id='word_1_204' title='bbox 549 2938 614 2979; x_wconf 91' lang='lat' dir='ltr'>esse</span> <span class='ocrx_word' id='word_1_205' title='bbox 636 2918 675 2982; x_wconf 86' lang='lat'>9‘.</span> <span class='ocrx_word' id='word_1_206' title='bbox 694 2918 742 2982; x_wconf 78' lang='lat'>7¹¹.</span> <span class='ocrx_word' id='word_1_207' title='bbox 789 2914 894 3000; x_wconf 88' lang='lat' dir='ltr'>Caput</span> <span class='ocrx_word' id='word_1_208' title='bbox 914 2915 1010 3002; x_wconf 87' lang='lat' dir='ltr'>igitur</span> <span class='ocrx_word' id='word_1_209' title='bbox 1031 2916 1120 2979; x_wconf 91' lang='lat' dir='ltr'>initio</span> <span class='ocrx_word' id='word_1_210' title='bbox 1142 2916 1235 3004; x_wconf 89' lang='lat' dir='ltr'>longe</span> <span class='ocrx_word' id='word_1_211' title='bbox 1256 2917 1360 2979; x_wconf 90' lang='lat' dir='ltr'>minus</span> 
     </span>
     <span class='ocr_line' id='line_1_23' title="bbox 62 3024 1361 3114; baseline 0 -25"><span class='ocrx_word' id='word_1_212' title='bbox 62 3026 209 3110; x_wconf 84' lang='lat' dir='ltr'>apparuit</span> <span class='ocrx_word' id='word_1_213' title='bbox 222 3025 316 3112; x_wconf 74' lang='lat' dir='ltr'>quim</span> <span class='ocrx_word' id='word_1_214' title='bbox 330 3028 362 3090; x_wconf 94' lang='lat' dir='ltr'>in</span> <span class='ocrx_word' id='word_1_215' title='bbox 378 3026 441 3091; x_wconf 91' lang='lat' dir='ltr'>fine</span> <span class='ocrx_word' id='word_1_216' title='bbox 456 3037 568 3103; x_wconf 78' lang='grc'><strong>11101111,</strong></span> <span class='ocrx_word' id='word_1_217' title='bbox 581 3037 614 3089; x_wconf 90' lang='lat' dir='ltr'>at</span> <span class='ocrx_word' id='word_1_218' title='bbox 628 3026 718 3090; x_wconf 86' lang='lat' dir='ltr'>initio</span> <span class='ocrx_word' id='word_1_219' title='bbox 732 3037 837 3089; x_wconf 90' lang='lat' dir='ltr'>tamen</span> <span class='ocrx_word' id='word_1_220' title='bbox 848 3026 882 3088; x_wconf 94' lang='lat' dir='ltr'>in</span> <span class='ocrx_word' id='word_1_221' title='bbox 892 3024 1008 3088; x_wconf 78' lang='lat' dir='ltr'>vicinifi</span> <span class='ocrx_word' id='word_1_222' title='bbox 1023 3026 1104 3090; x_wconf 86' lang='lat' dir='ltr'>Solis</span> <span class='ocrx_word' id='word_1_223' title='bbox 1118 3026 1213 3114; x_wconf 91' lang='lat' dir='ltr'>longe</span> <span class='ocrx_word' id='word_1_224' title='bbox 1228 3025 1361 3089; x_wconf 91' lang='lat' dir='ltr'>lucidius</span> 
     </span>
     <span class='ocr_line' id='line_1_24' title="bbox 64 3133 1361 3222; baseline -0.002 -22"><span class='ocrx_word' id='word_1_225' title='bbox 64 3136 172 3200; x_wconf 85' lang='lat' dir='ltr'>extitit</span> <span class='ocrx_word' id='word_1_226' title='bbox 195 3136 289 3222; x_wconf 72' lang='lat' dir='ltr'>quam</span> <span class='ocrx_word' id='word_1_227' title='bbox 314 3137 398 3201; x_wconf 90' lang='lat' dir='ltr'>circa</span> <span class='ocrx_word' id='word_1_228' title='bbox 423 3135 528 3213; x_wconf 90' lang='lat' dir='ltr'>finem,</span> <span class='ocrx_word' id='word_1_229' title='bbox 555 3148 591 3199; x_wconf 91' lang='lat' dir='ltr'>ut</span> <span class='ocrx_word' id='word_1_230' title='bbox 614 3133 709 3199; x_wconf 84' lang='lat' dir='ltr'>refert</span> <span class='ocrx_word' id='word_1_231' title='bbox 733 3134 816 3198; x_wconf 88' lang='lat' dir='ltr'>idem</span> <span class='ocrx_word' id='word_1_232' title='bbox 842 3133 1005 3198; x_wconf 91' lang='lat' dir='ltr'>Hevelius.</span> <span class='ocrx_word' id='word_1_233' title='bbox 1051 3133 1190 3198; x_wconf 91' lang='lat' dir='ltr'>Proinde</span> <span class='ocrx_word' id='word_1_234' title='bbox 1211 3146 1278 3197; x_wconf 89' lang='lat' dir='ltr'>toto</span> <span class='ocrx_word' id='word_1_235' title='bbox 1299 3133 1361 3198; x_wconf 93' lang='lat' dir='ltr'>hoc</span> 
     </span>
     <span class='ocr_line' id='line_1_25' title="bbox 63 3242 1361 3331; baseline -0.002 -21"><span class='ocrx_word' id='word_1_236' title='bbox 63 3257 218 3330; x_wconf 87' lang='lat' dir='ltr'>tempore,</span> <span class='ocrx_word' id='word_1_237' title='bbox 241 3246 283 3310; x_wconf 97' lang='lat' dir='ltr'>ob</span> <span class='ocrx_word' id='word_1_238' title='bbox 304 3268 460 3310; x_wconf 89' lang='lat' dir='ltr'>recessum</span> <span class='ocrx_word' id='word_1_239' title='bbox 482 3246 578 3330; x_wconf 90' lang='lat' dir='ltr'>ipsius</span> <span class='ocrx_word' id='word_1_240' title='bbox 593 3268 612 3308; x_wconf 91' lang='lat' dir='ltr'>a</span> <span class='ocrx_word' id='word_1_241' title='bbox 629 3245 712 3321; x_wconf 88' lang='lat' dir='ltr'>Sole,</span> <span class='ocrx_word' id='word_1_242' title='bbox 729 3244 832 3331; x_wconf 86' lang='lat' dir='ltr'>quoad</span> <span class='ocrx_word' id='word_1_243' title='bbox 847 3244 953 3308; x_wconf 90' lang='lat' dir='ltr'>lumen</span> <span class='ocrx_word' id='word_1_244' title='bbox 967 3243 1113 3321; x_wconf 81' lang='lat' dir='ltr'>decrevit,</span> <span class='ocrx_word' id='word_1_245' title='bbox 1135 3265 1199 3306; x_wconf 91' lang='lat' dir='ltr'>non</span> <span class='ocrx_word' id='word_1_246' title='bbox 1218 3242 1361 3307; x_wconf 90' lang='lat' dir='ltr'>obstante</span> 
     </span>
     <span class='ocr_line' id='line_1_26' title="bbox 62 3349 1357 3429; baseline -0.002 -13"><span class='ocrx_word' id='word_1_247' title='bbox 62 3374 193 3416; x_wconf 88' lang='lat' dir='ltr'>accessu</span> <span class='ocrx_word' id='word_1_248' title='bbox 207 3352 247 3416; x_wconf 89' lang='lat' dir='ltr'>ad</span> <span class='ocrx_word' id='word_1_249' title='bbox 263 3352 405 3417; x_wconf 87' lang='lat' dir='ltr'>Terram.</span> <span class='ocrx_word' id='word_1_250' title='bbox 445 3352 578 3417; x_wconf 85' lang='lat' dir='ltr'>Cometa</span> <span class='ocrx_word' id='word_1_251' title='bbox 588 3352 663 3415; x_wconf 87' lang='lat' dir='ltr'>anni</span> <span class='ocrx_word' id='word_1_252' title='bbox 679 3360 771 3416; x_wconf 88' lang='lat'>1618.</span> <span class='ocrx_word' id='word_1_253' title='bbox 784 3352 866 3414; x_wconf 91' lang='lat' dir='ltr'>circa</span> <span class='ocrx_word' id='word_1_254' title='bbox 880 3350 1018 3414; x_wconf 91' lang='lat' dir='ltr'>medium</span> <span class='ocrx_word' id='word_1_255' title='bbox 1032 3350 1147 3414; x_wconf 88' lang='lat' dir='ltr'>mensis</span> <span class='ocrx_word' id='word_1_256' title='bbox 1159 3349 1357 3429; x_wconf 90' lang='lat' dir='ltr'>Decembris,</span> 
     </span>
     <span class='ocr_line' id='line_1_27' title="bbox 63 3457 1409 3544; baseline -0.001 -20"><span class='ocrx_word' id='word_1_257' title='bbox 63 3473 98 3524; x_wconf 87' lang='lat' dir='ltr'>et</span> <span class='ocrx_word' id='word_1_258' title='bbox 124 3460 184 3523; x_wconf 85' lang='lat' dir='ltr'>iste</span> <span class='ocrx_word' id='word_1_259' title='bbox 206 3460 282 3523; x_wconf 91' lang='lat' dir='ltr'>anni</span> <span class='ocrx_word' id='word_1_260' title='bbox 306 3470 398 3525; x_wconf 89' lang='grc'><strong>1680.</strong></span> <span class='ocrx_word' id='word_1_261' title='bbox 422 3461 505 3524; x_wconf 89' lang='lat' dir='ltr'>circa</span> <span class='ocrx_word' id='word_1_262' title='bbox 527 3460 622 3522; x_wconf 90' lang='lat' dir='ltr'>finem</span> <span class='ocrx_word' id='word_1_263' title='bbox 644 3459 782 3544; x_wconf 91' lang='lat' dir='ltr'>ejusdem</span> <span class='ocrx_word' id='word_1_264' title='bbox 804 3459 929 3536; x_wconf 86' lang='lat' dir='ltr'>mensis,</span> <span class='ocrx_word' id='word_1_265' title='bbox 958 3458 1118 3522; x_wconf 74' lang='lat' dir='ltr'>celerrime</span> <span class='ocrx_word' id='word_1_266' title='bbox 1143 3457 1358 3537; x_wconf 87' lang='lat' dir='ltr'>movebantur,</span> <span class='ocrx_word' id='word_1_267' title='bbox 1407 3535 1409 3538; x_wconf 10' lang='grc' dir='ltr'><em>Α</em></span> 
     </span>
     <span class='ocr_line' id='line_1_28' title="bbox 62 3567 1359 3656; baseline -0.001 -25"><span class='ocrx_word' id='word_1_268' title='bbox 62 3567 200 3653; x_wconf 76' lang='lat' dir='ltr'>ideoque</span> <span class='ocrx_word' id='word_1_269' title='bbox 213 3581 287 3633; x_wconf 92' lang='lat' dir='ltr'>tunc</span> <span class='ocrx_word' id='word_1_270' title='bbox 302 3583 391 3632; x_wconf 88' lang='lat' dir='ltr'>erant</span> <span class='ocrx_word' id='word_1_271' title='bbox 411 3569 444 3632; x_wconf 96' lang='lat' dir='ltr'>in</span> <span class='ocrx_word' id='word_1_272' title='bbox 465 3569 619 3656; x_wconf 82' lang='lat' dir='ltr'>perigaeis.</span> <span class='ocrx_word' id='word_1_273' title='bbox 665 3568 784 3633; x_wconf 84' lang='lat' dir='ltr'>Verdm</span> <span class='ocrx_word' id='word_1_274' title='bbox 800 3569 947 3654; x_wconf 91' lang='lat' dir='ltr'>splendor</span> <span class='ocrx_word' id='word_1_275' title='bbox 962 3570 1116 3633; x_wconf 85' lang='lat' dir='ltr'>maximus</span> <span class='ocrx_word' id='word_1_276' title='bbox 1132 3570 1269 3654; x_wconf 91' lang='lat' dir='ltr'>capitum</span> <span class='ocrx_word' id='word_1_277' title='bbox 1284 3590 1359 3632; x_wconf 92' lang='lat' dir='ltr'>con·</span> 
     </span>
     <span class='ocr_line' id='line_1_29' title="bbox 62 3674 1359 3762; baseline 0 -24"><span class='ocrx_word' id='word_1_278' title='bbox 62 3675 137 3762; x_wconf 86' lang='lat' dir='ltr'>tigit</span> <span class='ocrx_word' id='word_1_279' title='bbox 151 3688 223 3739; x_wconf 90' lang='lat' dir='ltr'>ante</span> <span class='ocrx_word' id='word_1_280' title='bbox 238 3674 315 3738; x_wconf 88' lang='lat' dir='ltr'>duas</span> <span class='ocrx_word' id='word_1_281' title='bbox 330 3674 395 3739; x_wconf 89' lang='lat' dir='ltr'>fere</span> <span class='ocrx_word' id='word_1_282' title='bbox 409 3675 606 3760; x_wconf 87' lang='lat' dir='ltr'>septimanas,</span> <span class='ocrx_word' id='word_1_283' title='bbox 629 3675 684 3739; x_wconf 92' lang='lat' dir='ltr'>ubi</span> <span class='ocrx_word' id='word_1_284' title='bbox 698 3675 793 3739; x_wconf 91' lang='lat' dir='ltr'>modo</span> <span class='ocrx_word' id='word_1_285' title='bbox 808 3676 952 3740; x_wconf 86' lang='lat' dir='ltr'>exierant</span> <span class='ocrx_word' id='word_1_286' title='bbox 967 3675 1007 3739; x_wconf 91' lang='lat' dir='ltr'>de</span> <span class='ocrx_word' id='word_1_287' title='bbox 1022 3676 1117 3740; x_wconf 90' lang='lat' dir='ltr'>radiis</span> <span class='ocrx_word' id='word_1_288' title='bbox 1133 3675 1305 3751; x_wconf 89' lang='lat' dir='ltr'>solaribus;</span> <span class='ocrx_word' id='word_1_289' title='bbox 1328 3688 1359 3739; x_wconf 93' lang='lat' dir='ltr'>et</span> 
     </span>
     <span class='ocr_line' id='line_1_30' title="bbox 63 3783 1358 3870; baseline 0 -23"><span class='ocrx_word' id='word_1_290' title='bbox 63 3784 215 3870; x_wconf 83' lang='lat' dir='ltr'>splendor</span> <span class='ocrx_word' id='word_1_291' title='bbox 227 3787 382 3850; x_wconf 84' lang='lat' dir='ltr'>maximus</span> <span class='ocrx_word' id='word_1_292' title='bbox 397 3785 567 3851; x_wconf 85' lang='lat' dir='ltr'>caudarum</span> <span class='ocrx_word' id='word_1_293' title='bbox 581 3785 676 3869; x_wconf 90' lang='lat' dir='ltr'>paulo</span> <span class='ocrx_word' id='word_1_294' title='bbox 691 3796 773 3861; x_wconf 91' lang='lat' dir='ltr'>ante,</span> <span class='ocrx_word' id='word_1_295' title='bbox 788 3786 822 3847; x_wconf 93' lang='lat' dir='ltr'>in</span> <span class='ocrx_word' id='word_1_296' title='bbox 833 3786 950 3870; x_wconf 90' lang='lat' dir='ltr'>majore</span> <span class='ocrx_word' id='word_1_297' title='bbox 960 3786 1118 3849; x_wconf 81' lang='lat' dir='ltr'>vicinitate</span> <span class='ocrx_word' id='word_1_298' title='bbox 1132 3783 1223 3849; x_wconf 88' lang='lat' dir='ltr'>Solis.</span> <span class='ocrx_word' id='word_1_299' title='bbox 1254 3783 1358 3867; x_wconf 86' lang='lat' dir='ltr'>Caput</span> 
     </span>
     <span class='ocr_line' id='line_1_31' title="bbox 62 3890 1372 3980; baseline -0.004 -20"><span class='ocrx_word' id='word_1_300' title='bbox 62 3907 198 3960; x_wconf 68' lang='lat' dir='ltr'>cometae</span> <span class='ocrx_word' id='word_1_301' title='bbox 219 3895 343 3979; x_wconf 89' lang='lat' dir='ltr'>prioris,</span> <span class='ocrx_word' id='word_1_302' title='bbox 360 3897 454 3980; x_wconf 85' lang='lat' dir='ltr'>juxta</span> <span class='ocrx_word' id='word_1_303' title='bbox 467 3895 697 3959; x_wconf 90' lang='lat' dir='ltr'>observationes</span> <span class='ocrx_word' id='word_1_304' title='bbox 714 3893 834 3979; x_wconf 89' lang='lat' dir='ltr'>Cysati,</span> <span class='ocrx_word' id='word_1_305' title='bbox 858 3892 1011 3957; x_wconf 87' lang='lat' dir='ltr'>Decemb.</span> <span class='ocrx_word' id='word_1_306' title='bbox 1030 3901 1057 3957; x_wconf 92' lang='lat'>1.</span> <span class='ocrx_word' id='word_1_307' title='bbox 1074 3895 1172 3978; x_wconf 86' lang='lat' dir='ltr'>majus</span> <span class='ocrx_word' id='word_1_308' title='bbox 1194 3890 1372 3955; x_wconf 70' lang='lat' dir='ltr'>videbatur-r</span> 
     </span>
     <span class='ocr_line' id='line_1_32' title="bbox 62 4001 1356 4092; baseline -0.002 -24"><span class='ocrx_word' id='word_1_309' title='bbox 62 4003 161 4068; x_wconf 86' lang='lat' dir='ltr'>stellis</span> <span class='ocrx_word' id='word_1_310' title='bbox 185 4004 296 4088; x_wconf 76' lang='lat' dir='ltr'>primae</span> <span class='ocrx_word' id='word_1_311' title='bbox 323 4003 556 4092; x_wconf 89' lang='lat' dir='ltr'>magnitudinis,</span> <span class='ocrx_word' id='word_1_312' title='bbox 581 4016 613 4067; x_wconf 90' lang='lat' dir='ltr'>et</span> <span class='ocrx_word' id='word_1_313' title='bbox 638 4003 791 4068; x_wconf 91' lang='lat' dir='ltr'>Decemb.</span> <span class='ocrx_word' id='word_1_314' title='bbox 817 4012 866 4067; x_wconf 88' lang='lat'>16.</span> <span class='ocrx_word' id='word_1_315' title='bbox 892 4003 969 4087; x_wconf 88' lang='lat' dir='ltr'>(jam</span> <span class='ocrx_word' id='word_1_316' title='bbox 992 4003 1025 4065; x_wconf 95' lang='lat' dir='ltr'>in</span> <span class='ocrx_word' id='word_1_317' title='bbox 1046 4003 1184 4089; x_wconf 85' lang='lat' dir='ltr'>perigaeo</span> <span class='ocrx_word' id='word_1_318' title='bbox 1206 4001 1356 4082; x_wconf 86' lang='lat' dir='ltr'>existens)</span> 
     </span>
     <span class='ocr_line' id='line_1_33' title="bbox 61 4110 1355 4199; baseline 0.001 -25"><span class='ocrx_word' id='word_1_319' title='bbox 61 4111 281 4199; x_wconf 85' lang='lat' dir='ltr'>magnitudine</span> <span class='ocrx_word' id='word_1_320' title='bbox 303 4134 425 4197; x_wconf 88' lang='lat' dir='ltr'>parum,</span> <span class='ocrx_word' id='word_1_321' title='bbox 449 4111 614 4196; x_wconf 87' lang='lat' dir='ltr'>splendore</span> <span class='ocrx_word' id='word_1_322' title='bbox 629 4135 685 4176; x_wconf 88' lang='lat' dir='ltr'>seu</span> <span class='ocrx_word' id='word_1_323' title='bbox 701 4112 839 4175; x_wconf 84' lang='lat' dir='ltr'>claritate</span> <span class='ocrx_word' id='word_1_324' title='bbox 859 4111 985 4175; x_wconf 91' lang='lat' dir='ltr'>luminis</span> <span class='ocrx_word' id='word_1_325' title='bbox 1006 4110 1176 4197; x_wconf 89' lang='lat' dir='ltr'>plurimum</span> <span class='ocrx_word' id='word_1_326' title='bbox 1190 4110 1355 4175; x_wconf 90' lang='lat' dir='ltr'>defecerat.</span> 
     </span>
     <span class='ocr_line' id='line_1_34' title="bbox 61 4219 1355 4305; baseline -0.002 -18"><span class='ocrx_word' id='word_1_327' title='bbox 61 4221 137 4287; x_wconf 87' lang='lat' dir='ltr'>Jan.</span> <span class='ocrx_word' id='word_1_328' title='bbox 155 4227 185 4287; x_wconf 88' lang='lat'>7.</span> <span class='ocrx_word' id='word_1_329' title='bbox 203 4219 360 4305; x_wconf 90' lang='lat' dir='ltr'>Keplerus</span> <span class='ocrx_word' id='word_1_330' title='bbox 376 4220 415 4284; x_wconf 88' lang='lat' dir='ltr'>de</span> <span class='ocrx_word' id='word_1_331' title='bbox 431 4221 531 4305; x_wconf 88' lang='lat' dir='ltr'>capite</span> <span class='ocrx_word' id='word_1_332' title='bbox 545 4221 681 4286; x_wconf 91' lang='lat' dir='ltr'>incertus</span> <span class='ocrx_word' id='word_1_333' title='bbox 696 4221 790 4285; x_wconf 90' lang='lat' dir='ltr'>finem</span> <span class='ocrx_word' id='word_1_334' title='bbox 805 4220 877 4285; x_wconf 91' lang='lat' dir='ltr'>fecit</span> <span class='ocrx_word' id='word_1_335' title='bbox 891 4221 1084 4290; x_wconf 87' lang='lat' dir='ltr'>observandi.</span> <span class='ocrx_word' id='word_1_336' title='bbox 1128 4222 1192 4287; x_wconf 89' lang='lat' dir='ltr'>Die</span> <span class='ocrx_word' id='word_1_337' title='bbox 1209 4230 1248 4284; x_wconf 79' lang='lat'>12</span> <span class='ocrx_word' id='word_1_338' title='bbox 1268 4243 1355 4286; x_wconf 90' lang='lat' dir='ltr'>men·</span> 
     </span>
    </p>
   </div>
   <div class='ocr_carea' id='block_1_3' title="bbox 59 4416 1355 4929">
    <p class='ocr_par' dir='ltr' id='par_1_4' title="bbox 59 4416 1355 4929">
     <span class='ocr_line' id='line_1_35' title="bbox 61 4416 1353 4494; baseline -0.001 -27"><span class='ocrx_word' id='word_1_339' title='bbox 61 4418 178 4478; x_wconf 81' lang='lat' dir='ltr'>inciperet</span> <span class='ocrx_word' id='word_1_340' title='bbox 188 4416 258 4478; x_wconf 76' lang='lat' dir='ltr'>mprl</span> <span class='ocrx_word' id='word_1_341' title='bbox 268 4417 529 4479; x_wconf 78' lang='lat' dir='ltr'>beritontemconspici.</span> <span class='ocrx_word' id='word_1_342' title='bbox 567 4420 695 4479; x_wconf 82' lang='lat' dir='ltr'>Superabat</span> <span class='ocrx_word' id='word_1_343' title='bbox 726 4416 840 4463; x_wconf 85' lang='lat' dir='ltr'>minorem</span> <span class='ocrx_word' id='word_1_344' title='bbox 860 4417 968 4464; x_wconf 82' lang='grc'><strong>1011111111</strong></span> <span class='ocrx_word' id='word_1_345' title='bbox 990 4428 1014 4465; x_wconf 89' lang='lat' dir='ltr'>et</span> <span class='ocrx_word' id='word_1_346' title='bbox 1034 4418 1157 4479; x_wconf 79' lang='lat' dir='ltr'>splendore</span> <span class='ocrx_word' id='word_1_347' title='bbox 1175 4418 1246 4494; x_wconf 70' lang='lat' dir='ltr'>longe</span> <span class='ocrx_word' id='word_1_348' title='bbox 1264 4418 1353 4467; x_wconf 78' lang='lat' dir='ltr'>fortiori</span> 
     </span>
     <span class='ocr_line' id='line_1_36' title="bbox 60 4479 1355 4547; baseline -0.001 -17"><span class='ocrx_word' id='word_1_349' title='bbox 60 4483 138 4547; x_wconf 80' lang='lat' dir='ltr'>igitur</span> <span class='ocrx_word' id='word_1_350' title='bbox 155 4482 193 4528; x_wconf 85' lang='lat' dir='ltr'>bic</span> <span class='ocrx_word' id='word_1_351' title='bbox 209 4480 318 4542; x_wconf 79' lang='lat' dir='ltr'>splendor</span> <span class='ocrx_word' id='word_1_352' title='bbox 334 4481 695 4545; x_wconf 78' lang='grc'><strong>1110111111111111111111011011101-</strong></span> <span class='ocrx_word' id='word_1_353' title='bbox 723 4481 774 4544; x_wconf 87' lang='lat' dir='ltr'>jam</span> <span class='ocrx_word' id='word_1_354' title='bbox 785 4479 875 4528; x_wconf 83' lang='lat' dir='ltr'>reddita</span> <span class='ocrx_word' id='word_1_355' title='bbox 940 4483 1105 4544; x_wconf 70' lang='lat' dir='ltr'>inconspicua,</span> <span class='ocrx_word' id='word_1_356' title='bbox 1123 4485 1269 4532; x_wconf 78' lang='lat' dir='ltr'>Mercurium</span> <span class='ocrx_word' id='word_1_357' title='bbox 1285 4482 1355 4546; x_wconf 79' lang='lat' dir='ltr'>longd</span> 
     </span>
     <span class='ocr_line' id='line_1_37' title="bbox 60 4497 1354 4607; baseline 0 -13"><span class='ocrx_word' id='word_1_358' title='bbox 60 4559 116 4597; x_wconf 85' lang='grc'><strong>111111</strong></span> <span class='ocrx_word' id='word_1_359' title='bbox 133 4545 201 4600; x_wconf 83' lang='grc'><strong>80111,</strong></span> <span class='ocrx_word' id='word_1_360' title='bbox 221 4556 246 4592; x_wconf 82' lang='lat' dir='ltr'>et</span> <span class='ocrx_word' id='word_1_361' title='bbox 261 4544 395 4592; x_wconf 86' lang='lat' dir='ltr'>immediato</span> <span class='ocrx_word' id='word_1_362' title='bbox 413 4546 472 4592; x_wconf 85' lang='lat' dir='ltr'>Solis</span> <span class='ocrx_word' id='word_1_363' title='bbox 488 4546 603 4606; x_wconf 83' lang='lat' dir='ltr'>splendori</span> <span class='ocrx_word' id='word_1_364' title='bbox 620 4546 696 4593; x_wconf 75' lang='lat' dir='ltr'>solum</span> <span class='ocrx_word' id='word_1_365' title='bbox 728 4544 851 4604; x_wconf 80' lang='lat' dir='ltr'>superabit,</span> <span class='ocrx_word' id='word_1_366' title='bbox 871 4497 976 4607; x_wconf 40' lang='grc' dir='ltr'>ἔξω</span> <span class='ocrx_word' id='word_1_367' title='bbox 996 4548 1039 4593; x_wconf 87' lang='lat' dir='ltr'>erit</span> <span class='ocrx_word' id='word_1_368' title='bbox 1057 4547 1106 4595; x_wconf 88' lang='lat' dir='ltr'>Soli</span> <span class='ocrx_word' id='word_1_369' title='bbox 1124 4549 1226 4596; x_wconf 85' lang='lat' dir='ltr'>vicinior.</span> <span class='ocrx_word' id='word_1_370' title='bbox 1265 4549 1354 4596; x_wconf 88' lang='lat' dir='ltr'>Diebus</span> 
     </span>
     <span class='ocr_line' id='line_1_38' title="bbox 60 4608 1352 4673; baseline 0.001 -15"><span class='ocrx_word' id='word_1_371' title='bbox 60 4610 171 4662; x_wconf 78' lang='lat' dir='ltr'>cedendo</span> <span class='ocrx_word' id='word_1_372' title='bbox 181 4612 287 4658; x_wconf 75' lang='lat' dir='ltr'>vincebat</span> <span class='ocrx_word' id='word_1_373' title='bbox 297 4608 452 4672; x_wconf 73' lang='lat' dir='ltr'>longdlucem</span> <span class='ocrx_word' id='word_1_374' title='bbox 464 4611 570 4656; x_wconf 84' lang='lat' dir='ltr'>omnium</span> <span class='ocrx_word' id='word_1_375' title='bbox 577 4610 696 4657; x_wconf 84' lang='lat' dir='ltr'>stellarum</span> <span class='ocrx_word' id='word_1_376' title='bbox 732 4615 769 4656; x_wconf 76' lang='lat' dir='ltr'>tr·</span> <span class='ocrx_word' id='word_1_377' title='bbox 781 4620 804 4655; x_wconf 84' lang='lat' dir='ltr'>et</span> <span class='ocrx_word' id='word_1_378' title='bbox 817 4613 853 4656; x_wconf 84' lang='lat'>15.</span> <span class='ocrx_word' id='word_1_379' title='bbox 870 4611 974 4672; x_wconf 56' lang='lat' dir='ltr'>ejusd*</span> <span class='ocrx_word' id='word_1_380' title='bbox 991 4611 1083 4668; x_wconf 83' lang='lat' dir='ltr'>mensis,</span> <span class='ocrx_word' id='word_1_381' title='bbox 1104 4612 1238 4660; x_wconf 71' lang='lat' dir='ltr'>caudebec</span> <span class='ocrx_word' id='word_1_382' title='bbox 1249 4628 1289 4673; x_wconf 86' lang='lat' dir='ltr'>per</span> <span class='ocrx_word' id='word_1_383' title='bbox 1300 4629 1352 4672; x_wconf 83' lang='lat' dir='ltr'>spa·</span> 
     </span>
     <span class='ocr_line' id='line_1_39' title="bbox 59 4672 1353 4738; baseline -0.001 -15"><span class='ocrx_word' id='word_1_384' title='bbox 59 4675 216 4738; x_wconf 79' lang='lat' dir='ltr'>conjunctim.</span> <span class='ocrx_word' id='word_1_385' title='bbox 254 4675 310 4722; x_wconf 82' lang='lat' dir='ltr'>Nou</span> <span class='ocrx_word' id='word_1_386' title='bbox 322 4672 463 4730; x_wconf 83' lang='lat' dir='ltr'>Mercurius,</span> <span class='ocrx_word' id='word_1_387' title='bbox 479 4689 525 4720; x_wconf 93' lang='lat' dir='ltr'>non</span> <span class='ocrx_word' id='word_1_388' title='bbox 538 4674 628 4730; x_wconf 82' lang='lat' dir='ltr'>Venus,</span> <span class='ocrx_word' id='word_1_389' title='bbox 645 4689 693 4720; x_wconf 90' lang='lat' dir='ltr'>uon</span> <span class='ocrx_word' id='word_1_390' title='bbox 725 4673 784 4720; x_wconf 89' lang='lat' dir='ltr'>tium</span> <span class='ocrx_word' id='word_1_391' title='bbox 796 4672 866 4735; x_wconf 76' lang='lat' dir='ltr'>longe</span> <span class='ocrx_word' id='word_1_392' title='bbox 876 4675 952 4736; x_wconf 80' lang='lat' dir='ltr'>majus</span> <span class='ocrx_word' id='word_1_393' title='bbox 962 4674 1047 4721; x_wconf 76' lang='lat' dir='ltr'>diffusa</span> <span class='ocrx_word' id='word_1_394' title='bbox 1058 4677 1165 4736; x_wconf 69' lang='lat' dir='ltr'>apprimit</span> <span class='ocrx_word' id='word_1_395' title='bbox 1175 4677 1252 4732; x_wconf 83' lang='grc'><strong>111101,</strong></span> <span class='ocrx_word' id='word_1_396' title='bbox 1265 4687 1288 4724; x_wconf 88' lang='lat' dir='ltr'>et</span> <span class='ocrx_word' id='word_1_397' title='bbox 1299 4677 1353 4724; x_wconf 88' lang='lat' dir='ltr'>luce</span> 
     </span>
     <span class='ocr_line' id='line_1_40' title="bbox 60 4735 1353 4803; baseline 0.001 -17"><span class='ocrx_word' id='word_1_398' title='bbox 60 4743 114 4803; x_wconf 67' lang='lat' dir='ltr'>ipa</span> <span class='ocrx_word' id='word_1_399' title='bbox 126 4740 198 4787; x_wconf 80' lang='lat' dir='ltr'>Luna</span> <span class='ocrx_word' id='word_1_400' title='bbox 209 4740 235 4786; x_wconf 91' lang='lat' dir='ltr'>in</span> <span class='ocrx_word' id='word_1_401' title='bbox 246 4735 311 4785; x_wconf 76' lang='lat' dir='ltr'>tautfi</span> <span class='ocrx_word' id='word_1_402' title='bbox 328 4737 390 4784; x_wconf 85' lang='lat' dir='ltr'>Solis</span> <span class='ocrx_word' id='word_1_403' title='bbox 399 4738 495 4785; x_wconf 84' lang='lat' dir='ltr'>orientis</span> <span class='ocrx_word' id='word_1_404' title='bbox 505 4737 620 4784; x_wconf 80' lang='lat' dir='ltr'>vicinitate</span> <span class='ocrx_word' id='word_1_405' title='bbox 631 4739 693 4785; x_wconf 86' lang='lat' dir='ltr'>cerni</span> <span class='ocrx_word' id='word_1_406' title='bbox 725 4748 802 4784; x_wconf 80' lang='grc'><strong>11111111</strong></span> <span class='ocrx_word' id='word_1_407' title='bbox 814 4736 873 4784; x_wconf 84' lang='lat' dir='ltr'>aded</span> <span class='ocrx_word' id='word_1_408' title='bbox 884 4737 937 4784; x_wconf 78' lang='lat' dir='ltr'>forti</span> <span class='ocrx_word' id='word_1_409' title='bbox 952 4748 980 4786; x_wconf 92' lang='lat' dir='ltr'>ut</span> <span class='ocrx_word' id='word_1_410' title='bbox 991 4740 1062 4785; x_wconf 78' lang='lat' dir='ltr'>stellis</span> <span class='ocrx_word' id='word_1_411' title='bbox 1074 4741 1126 4787; x_wconf 82' lang='lat' dir='ltr'>fixis</span> <span class='ocrx_word' id='word_1_412' title='bbox 1136 4742 1232 4789; x_wconf 79' lang='lat' dir='ltr'>vixdum</span> <span class='ocrx_word' id='word_1_413' title='bbox 1241 4757 1353 4802; x_wconf 85' lang='lat' dir='ltr'>apparen-</span> 
     </span>
     <span class='ocr_line' id='line_1_41' title="bbox 59 4800 1351 4865; baseline 0 -15"><span class='ocrx_word' id='word_1_414' title='bbox 59 4805 131 4855; x_wconf 77' lang='lat' dir='ltr'>anlet.</span> <span class='ocrx_word' id='word_1_415' title='bbox 170 4802 300 4865; x_wconf 77' lang='lat' dir='ltr'>lingamus</span> <span class='ocrx_word' id='word_1_416' title='bbox 317 4801 393 4850; x_wconf 81' lang='lat' dir='ltr'>lucem</span> <span class='ocrx_word' id='word_1_417' title='bbox 412 4803 500 4849; x_wconf 84' lang='lat' dir='ltr'>hancce</span> <span class='ocrx_word' id='word_1_418' title='bbox 518 4800 638 4848; x_wconf 79' lang='lat' dir='ltr'>dilatatam</span> <span class='ocrx_word' id='word_1_419' title='bbox 656 4817 695 4849; x_wconf 87' lang='lat' dir='ltr'>co·</span> <span class='ocrx_word' id='word_1_420' title='bbox 726 4802 788 4848; x_wconf 82' lang='lat' dir='ltr'>tibur</span> <span class='ocrx_word' id='word_1_421' title='bbox 798 4813 935 4856; x_wconf 76' lang='lat' dir='ltr'>temeretur,</span> <span class='ocrx_word' id='word_1_422' title='bbox 944 4813 967 4849; x_wconf 83' lang='lat' dir='ltr'>et</span> <span class='ocrx_word' id='word_1_423' title='bbox 978 4818 1032 4849; x_wconf 87' lang='grc'><strong>11101</strong></span> <span class='ocrx_word' id='word_1_424' title='bbox 1043 4804 1115 4854; x_wconf 85' lang='lat' dir='ltr'>trabis</span> <span class='ocrx_word' id='word_1_425' title='bbox 1125 4807 1211 4854; x_wconf 88' lang='lat' dir='ltr'>mirum</span> <span class='ocrx_word' id='word_1_426' title='bbox 1222 4807 1351 4855; x_wconf 72' lang='lat' dir='ltr'>immodum</span> 
     </span>
     <span class='ocr_line' id='line_1_42' title="bbox 59 4864 1069 4929; baseline 0.001 -13"><span class='ocrx_word' id='word_1_427' title='bbox 59 4868 148 4920; x_wconf 81' lang='lat' dir='ltr'>arctari</span> <span class='ocrx_word' id='word_1_428' title='bbox 168 4867 236 4915; x_wconf 86' lang='lat' dir='ltr'>etin</span> <span class='ocrx_word' id='word_1_429' title='bbox 254 4870 334 4914; x_wconf 78' lang='lat' dir='ltr'>orbem</span> <span class='ocrx_word' id='word_1_430' title='bbox 354 4866 432 4914; x_wconf 86' lang='lat' dir='ltr'>nuclei</span> <span class='ocrx_word' id='word_1_431' title='bbox 450 4866 555 4914; x_wconf 85' lang='lat' dir='ltr'>cometici</span> <span class='ocrx_word' id='word_1_432' title='bbox 577 4866 696 4914; x_wconf 84' lang='lat' dir='ltr'>Mercurio</span> <span class='ocrx_word' id='word_1_433' title='bbox 726 4864 838 4929; x_wconf 81' lang='lat' dir='ltr'>fulgentis</span> <span class='ocrx_word' id='word_1_434' title='bbox 848 4867 947 4927; x_wconf 81' lang='lat' dir='ltr'>speciem</span> <span class='ocrx_word' id='word_1_435' title='bbox 958 4867 1069 4917; x_wconf 75' lang='lat' dir='ltr'>exhibuit.</span> 
     </span>
    </p>
   </div>
   <div class='ocr_carea' id='block_1_4' title="bbox 0 0 1670 5692">
    <p class='ocr_par' dir='ltr' id='par_1_5' title="bbox 0 0 1670 5692">
     <span class='ocr_line' id='line_1_43' title="bbox 0 0 1670 5692; baseline 0 0"><span class='ocrx_word' id='word_1_436' title='bbox 0 0 1670 5692; x_wconf 95' lang='lat' dir='ltr'> </span> 
     </span>
    </p>
   </div>
  </div>
 </body>
</html>
