3330 5692
164 534 222 596 ἐς
494 525 836 592 PHILOSOPHIAE
860 525 1134 591 NATURALIS
1176 524 1249 605 [Da
1262 524 1364 591 Mox.
1379 527 1469 594 Srrr.

179 703 221 768 ad
235 699 433 786 superficiem
448 699 560 765 Terrae
574 700 673 784 major
687 701 728 764 sit
741 699 883 784 partibus
898 708 941 764 60
957 715 984 767 >t
1001 709 1046 765 60
1060 695 1154 785 qusim
1174 697 1215 762 ad
1233 697 1382 776 Lunsm3
1404 720 1469 765 oor·

179 833 238 896 pus
252 811 284 874 vi
299 808 351 873 illl
367 809 400 873 in
414 807 596 895 regionibus
611 808 725 870 nostris
741 805 893 883 cadendo,
909 805 1086 871 describere
1100 804 1229 870 deberet
1242 807 1347 891 spatio
1360 806 1469 871 minuti

180 919 273 985 unius
295 918 389 1002 primi
410 917 507 1002 pedes
532 914 721 979 Parisienses
743 923 786 979 60
802 931 829 983 >t
848 922 890 978 60
906 931 933 983 >t
954 917 1044 1001 Μὴ,
1067 925 1099 977 et
1120 912 1221 998 spatio
1243 912 1359 977 minuti
1381 915 1469 978 uni!

179 1024 307 1091 secundi
327 1023 423 1109 pedes
449 1023 540 1101 151l„
563 1020 612 1084 vel
633 1021 732 1107 magis
748 1012 891 1085 accurate
906 1019 1002 1105 pedes
1023 1027 1072 1084 15.
1087 1017 1152 1106 dig.
1170 1026 1199 1081 1.
1215 1029 1247 1081 et
1260 1018 1315 1083 lin.
1334 1021 1384 1107 13.
1431 1019 1469 1086 Et

179 1131 290 1196 eidem
313 1132 344 1195 vi
365 1130 473 1219 gravia
496 1127 604 1192 reverti
620 1126 813 1191 descendunt
825 1129 860 1190 in
874 1127 1018 1192 Terram.
1065 1125 1149 1191 Nam
1162 1124 1303 1211 penduli.
1320 1127 1355 1191 in
1368 1127 1469 1193 latitu-

179 1242 253 1306 dine
269 1241 406 1306 Lutetiae
422 1237 616 1303 Parisiorum
630 1235 671 1299 ad
685 1236 809 1323 singula
823 1237 945 1300 minuta
958 1233 1095 1300 secunda
1109 1233 1289 1312 oscillantis,
1304 1234 1469 1323 longitudo

179 1365 227 1416 est
248 1349 366 1435 pedum
387 1347 482 1412 trium
506 1345 730 1410 Parisiensium
752 1359 783 1410 et
803 1346 957 1411 linearum
976 1350 1027 1428 85,
1044 1358 1080 1409 ut
1098 1345 1275 1409 observavit
1290 1345 1469 1435 Hugeniua

180 1459 213 1544 (¹)
228 1458 271 1522 Et
286 1455 429 1530 altitudo,
446 1475 542 1539 quam
556 1475 651 1540 grave
667 1466 809 1537 tempore
823 1454 934 1518 minuti
949 1454 1041 1517 unius
1056 1452 1184 1518 secundi
1198 1452 1342 1518 cadendo
1357 1454 1469 1519 descri-

179 1569 236 1644 bit,
253 1581 301 1629 est
316 1563 357 1627 ad
372 1562 534 1625 dimidiam
555 1561 784 1650 longitudinem
805 1563 935 1648 penduli
949 1563 1040 1648 hujus
1055 1562 1088 1625 in
1103 1561 1261 1648 duplicati
1276 1564 1401 1630 ratione
1414 1566 1470 1630 cir·

180 1674 394 1741 cumlerentiae
419 1672 528 1736 circuli
554 1672 595 1737 sd
620 1671 807 1737 diametrum
831 1675 898 1758 ejus
925 1678 974 1757 (ut
998 1672 1147 1737 indicavit
1171 1674 1265 1738 etiam
1288 1673 1469 1763 Hugenius)

181 1785 228 1868 (ω)
245 1781 378 1866 ideoque
394 1791 442 1842 est
454 1778 572 1863 pedum
589 1779 812 1843 Parisiensium
829 1788 879 1845 15.
894 1778 961 1866 dig.
979 1785 1005 1843 l.
1022 1780 1076 1844 lin.
1094 1782 1142 1864 ll.
1188 1779 1232 1845 Et
1245 1792 1416 1866 propterea
1428 1781 1470 1845 ris

180 1890 243 1975 quai
266 1888 359 1952 Luna
381 1886 414 1948 in
437 1885 515 1948 orbe
536 1906 595 1948 suo
618 1886 778 1963 retinetur,
801 1885 828 1949 si
849 1885 1058 1951 descendatur
1076 1887 1110 1949 in
1131 1885 1331 1971 superficiem
1351 1887 1469 1965 Terre,

180 1997 308 2083 oequalis
330 1995 435 2060 evadit
456 1995 487 2056 vi
508 1996 669 2081 gravitatis
694 1994 779 2081 apud
802 2018 870 2073 nos,
894 1994 1027 2081 ideoque
1048 1999 1119 2079 (per
1146 1995 1226 2082 Reg.
1246 2002 1275 2058 l.
1290 2007 1323 2059 et
1341 1997 1406 2077 11.)
1428 2010 1472 2063 est

181 2105 235 2169 illa
249 2105 318 2190 ipsa
332 2104 379 2166 vis
395 2124 488 2190 quam
503 2125 561 2167 nos
576 2105 760 2191 gravitatem
775 2104 879 2168 dicere
895 2103 1038 2167 solemus.
1084 2100 1168 2165 Nam
1183 2102 1209 2166 si
1230 2103 1369 2189 gravitas
1383 2102 1425 2167 ab
1437 2103 1471 2169 ei

182 2215 306 2279 diversa
327 2224 419 2289 esset,
443 2234 577 2296 corpora
598 2213 716 2277 viribus
732 2214 872 2300 utrisque
887 2212 1059 2296 conjunctis
1075 2212 1209 2276 Terram
1223 2210 1363 2296 petendo
1377 2212 1472 2299 duplo

181 2324 320 2387 velocius
342 2321 579 2397 descenderent,
604 2333 639 2384 et
660 2323 760 2406 spatio
782 2320 894 2384 minuti
909 2321 1002 2383 unius
1017 2318 1145 2383 secundi
1160 2317 1304 2383 cadeudo
1318 2319 1473 2385 describe·

182 2446 254 2497 rent
266 2432 363 2518 pedes
380 2432 570 2495 Parisienses
587 2441 669 2518 ⁸⁰i²
693 2429 822 2495 omninb
837 2444 945 2494 contra
960 2430 1192 2513 experientiam.

226 2543 267 2626 (²)
293 2539 440 2605 Calculus
461 2538 514 2601 hic
535 2537 684 2603 fundatur
705 2540 738 2601 in
760 2537 926 2623 hypothesi
942 2536 1026 2621 quod
1042 2537 1145 2601 Terra
1159 2536 1301 2623 quiescit.
1348 2537 1433 2602 Nam
1447 2537 1472 2601 si

184 2649 287 2713 Terra
301 2659 333 2710 et
347 2643 441 2709 Luna
462 2658 647 2708 moveantur
669 2644 786 2708 circum
803 2642 918 2719 Solem,
935 2654 967 2705 et
980 2642 1098 2706 interea
1114 2665 1238 2729 quoque
1253 2643 1374 2708 circum
1389 2665 1472 2708 com·

216 2833 247 2893 (¹)
259 2835 272 2860 ·
287 2832 320 2878 Et
330 2832 432 2878 dtitudo.
447 2831 513 2892 (471.
529 2829 583 2877 Lib.
599 2830 635 2891 1.)
790 2853 794 2863 ·
841 2826 961 2874 semissis
976 2825 1083 2887 ellipseos
1098 2826 1196 2875 minoris
1210 2826 1332 2887 daeripw
1345 2827 1408 2877 eires
1422 2842 1471 2877 our·

215 2895 257 2958 (¹¹¹)
273 2898 284 2925 ’
298 2895 396 2956 Idedque
406 2904 438 2942 est
447 2898 500 2956 ped.
516 2898 590 2943 Poris.
605 2894 687 2959 (ibid.)
842 2907 887 2951 pus
903 2892 1027 2939 immotum
1044 2891 1075 2939 sd
1091 2894 1181 2939 cubum
1192 2891 1314 2940 serni-sris
1324 2891 1413 2954 ellipsis
1422 2907 1472 2941 ms·

216 2959 251 3023 (ι’)
264 2965 302 3004 ss.
318 2964 331 2986 ·
345 2961 452 3007 cumin
467 2961 505 3006 ia
513 2960 638 3022 sinam
654 2964 680 3009 a.
698 2963 812 3024 lyparus
842 2955 900 3018 ioris
913 2955 1033 3015 ducante
1045 2956 1106 3004 cire·
1119 2971 1203 3016 sorau·
1216 2955 1287 3003 susm
1298 2955 1434 3012 rmmoam,
1449 2965 1472 3005 ⁶

183 3027 244 3085 quod
270 3024 342 3069 Terra
364 3026 465 3096 quiescit.
512 3029 525 3053 ⁹
551 3024 682 3071 Undecimsi
706 3026 812 3072 Sectione
845 3018 983 3081 quaeellipsi
994 3018 1358 3082 mlmvaeatequslissedilh
1368 3031 1472 3081 mim

186 3087 252 3133 Libri
265 3085 286 3131 l.
299 3086 406 3146 qusesrsit
423 3086 555 3132 Newtonus
570 3089 645 3148 qualis
656 3088 756 3135 oriretur
765 3089 811 3135 dis·
846 3092 912 3129 mut
932 3085 956 3129 ln
979 3083 1138 3144 subduplicsu
1157 3084 1246 3130 ratione
1267 3099 1350 3131 massa
1371 3084 1473 3146 eorporis

184 3149 283 3196 terentis
309 3149 369 3195 inter
397 3159 476 3195 motus
503 3164 626 3209 corporum
653 3162 810 3207 muscarum,
845 3147 937 3193 immoti
952 3145 983 3193 ed
999 3163 1115 3194 summam
1131 3163 1260 3195 musetum
1276 3147 1380 3196 duosmn
1390 3163 1472 3211 cerpo-

184 3213 278 3275 qusndo
289 3213 379 3259 totsvis
387 3213 429 3259 uni
436 3213 534 3258 immoto
540 3213 656 3271 tribuitur,
668 3216 811 3277 autquando
845 3225 905 3265 rum·
925 3225 988 3272 ‘¹8⁰¹
1006 3219 1033 3257 Ul
1048 3227 1123 3258 mim
1138 3213 1240 3273 θοψῦΐί·
1256 3212 1347 3260 immoti
1362 3212 1394 3261 td
1407 3229 1472 3262 mm·

186 3279 258 3342 (sicut
278 3292 315 3323 res
335 3293 360 3322 se
381 3275 618 3351 habetlsttrsctiope
639 3277 723 3326 mutui
740 3280 765 3324 in
787 3296 812 3326 se
845 3289 908 3349 men}
927 3289 1054 3349 utwrpm
1074 3275 1325 3352 duorum·uorpoturu,
1345 3277 1379 3353 sic
1397 3281 1472 3325 mrbus

185 3351 266 3452 tlt?
283 3339 812 3463 “tltlt‘t‘tbl‘ttltttlllltl
844 3337 1472 3466 tritttllltttlttltffttbtttss

185 3467 353 3515 uurshentibus
369 3475 393 3512 et
407 3466 468 3512 circs
484 3481 609 3515 commune
624 3471 742 3533 provintia
756 3486 810 3518 oen·
841 3465 899 3526 jori!
914 3466 993 3513 reveri
1009 3467 1145 3527 ductim
1162 3470 1217 3516 binc
1232 3468 1288 3517 ctlm
1304 3469 1472 3517 bsetenmim-

186 3543 249 3580 trum
264 3531 356 3590 ellipses
372 3529 459 3576 similes
469 3531 660 3591 describentibus,
672 3535 810 3582 slterutrum
845 3539 932 3577 motem
940 3530 1037 3578 Terram
1048 3533 1237 3593 supposuerimus
1247 3533 1390 3595 Luamque
1398 3534 1473 3582 revol-

185 3597 215 3643 »ll
231 3605 308 3642 nmo·
324 3593 397 3649 mdes,
415 3593 447 3640 iu
463 3605 490 3641 ut
504 3607 595 3643 motum
607 3607 682 3646 totum
694 3600 759 3646 alteri
770 3600 811 3646 oi-
844 3604 936 3641 mutem
947 3605 1052 3656 tempore
1061 3611 1109 3657 quo
1122 3596 1201 3644 merl
1215 3596 1347 3652 revolvitur.
1363 3606 1389 3645 ss
1401 3599 1473 3645 seml-

185 3664 286 3708 busmus
295 3657 359 3720 quod
375 3658 436 3705 circs
446 3673 489 3704 nos
499 3659 598 3719 ellipsim
610 3661 737 3711 describere
748 3664 811 3710 vido.
844 3672 911 3704 axem
922 3659 1002 3706 orbitas
1017 3659 1105 3706 lunsris
1116 3667 1147 3709 60
1157 3660 1395 3709 semi-dismetrorurss
1413 3662 1472 3711 Ter·

186 3737 264 3781 rotun
282 3723 342 3770 illud
352 3721 434 3769 eidem
447 3723 468 3768 vi
479 3725 607 3784 centripeti
623 3728 729 3774 eamdem
742 3728 809 3788 ellip.
844 3737 876 3767 re
886 3722 1069 3780 sssumserimus,
1076 3725 1232 3786 sitquemssse
1241 3725 1321 3772 Terre
1330 3724 1362 3773 sd
1372 3741 1474 3774 Μ

185 3790 230 3836 sim
241 3790 302 3836 circs
313 3803 361 3842 noa
373 3787 393 3833 si
404 3787 496 3834 immoti
506 3788 585 3836 reveri
595 3790 704 3846 iuremus,
719 3793 811 3840 nonnisi
847 3786 923 3833 1:¹¹⁰oe
933 3792 1009 3833 ¹11⁴?-
1023 3788 1053 3834 ed
1066 3793 1087 3834 l·
1100 3791 1145 3836 erit
1156 3795 1194 3836 4‘2.
1207 3789 1238 3835 sd
1253 3794 1291 3836 ⁴8·
1305 3799 1333 3836 ut
1342 3792 1420 3838 cubus
1430 3796 1471 3839 00.

186 3853 285 3916 longiori
302 3863 405 3911 tempore
421 3851 565 3904 describeret,
581 3854 614 3902 its
624 3865 651 3902 ut
661 3867 754 3917 tempus
763 3873 812 3920 quo
845 3849 875 3895 ud
890 3851 978 3896 cubum
994 3851 1133 3912 semi-neos
1143 3853 1193 3915 ejus
1209 3853 1316 3914 ellipseos
1325 3869 1400 3915 qusm
1410 3857 1473 3919 (ms.

187 3917 271 3964 mutus
286 3917 377 3963 eminae
392 3915 511 3978 gravitatis
522 3916 582 3964 circa
593 3934 635 3966 nos
646 3932 715 3969 motos
725 3921 811 3969 revolvi
846 3924 916 3959 cente
932 3914 1013 3961 eedem
1029 3915 1148 3977 grsritstis
1162 3917 1214 3979 lege
1229 3917 1358 3979 eodemque
1369 3929 1475 3980 oeorpsss

188 3981 308 4034 videretur,
321 3980 381 4027 foret
391 3982 420 4027 sd
429 3992 522 4040 tempus
529 3996 576 4043 quo
584 3983 644 4030 circs
653 3999 694 4030 nos
704 3989 810 4038 immotos
845 3975 972 4038 Wlodioo)
986 3978 1056 4026 Luns
1066 3979 1161 4028 relative
1175 3982 1289 4029 describet
1300 3982 1362 4029 circs
1374 3982 1473 4031 Terram

187 4046 348 4100 resolveretur,
370 4045 394 4091 in
417 4045 505 4091 ratione
528 4045 690 4107 subdupliratsi
710 4053 812 4110 corporis
844 4041 903 4089 dum
920 4041 969 4102 ῙΡἈ
986 4042 1153 4092 Τθῐηῐῑῐϋωί
1171 4047 1248 4094 laune
1262 4046 1475 4094 ttwfionedm

187 4109 294 4157 centralis
304 4108 394 4155 immoti
409 4108 439 4156 sd
449 4124 566 4156 summurn
577 4109 678 4159 duorum
689 4129 811 4175 corporum
844 4115 951 4154 teulfum
966 4106 1084 4170 Wlml!
1098 4123 1225 4156 fflmfflune
1236 4110 1314 4156 ‘0'0‘3
1324 4110 1473 4169 mimi

187 4173 370 4230 revolventium
387 4173 458 4228 unde,
475 4184 585 4221 msneute
599 4175 681 4223 eidem
695 4180 813 4240 gravitatis
846 4209 852 4220 ·
1012 4210 1018 4221 ·
1062 4210 1068 4223 ·
1118 4212 1123 4223 ·
1146 4180 1177 4221 ⁴³
1190 4181 1215 4231 Χ
1230 4180 1326 4222 2¹⁶0oe
1380 4215 1386 4226 ·

188 4238 248 4299 lege,
260 4237 347 4296 ellipsis
357 4252 409 4298 que
419 4237 587 4285 describeretur
597 4241 657 4287 eires
674 4257 715 4288 nos
731 4247 809 4292 immo·
845 4208 885 4256 ’ΠΩ
896 4225 952 4272 “3⁰
962 4225 1081 4258 „mm”
1091 4221 1135 4259 ‘m
1220 4259 1251 4298 42
1346 4228 1417 4279 ΩΨ·
1437 4228 1474 4262 '⁸'

189 4314 222 4351 tos
238 4302 320 4350 eodem
337 4312 440 4362 tempore
451 4317 499 4364 quo
510 4302 647 4352 describitur
657 4306 743 4367 ellipsis
754 4309 812 4355 rels-
845 4311 886 4359 dix
905 4314 987 4361 cubies
1005 4324 1040 4362 est
1055 4320 1130 4364 0047
1147 4315 1196 4364 sere
1210 4315 1259 4380 ⁶⁰l
1275 4325 1302 4363 ut
1316 4317 1387 4365 hebes
1402 4318 1474 4366 Νη.

188 4368 235 4415 tiss
245 4366 305 4413 eires
316 4380 358 4411 nos
368 4375 445 4417 motos.
456 4367 533 4414 minor
544 4367 604 4416 foret
614 4368 685 4432 quim
692 4386 719 4418 es
727 4372 813 4433 ellipsis
845 4387 922 4424 tonus.

188 4432 289 4485 relative,
301 4441 324 4477 et
335 4430 483 4505 reticulum
494 4432 625 4481 invenietur
635 4435 741 4488 dicendo.
756 4454 813 4499 qus·
878 4446 918 4489 65.
940 4441 1034 4490 Eodem
1051 4443 1123 4492 rcodo
1140 4461 1188 4507 quo
1207 4444 1278 4493 Luns
1296 4444 1321 4491 in
1341 4444 1418 4494 orbiti
1433 4445 1477 4494 sud

188 4496 281 4543 drstum
299 4504 410 4554 temporis
428 4509 475 4556 quo
494 4496 544 4543 hoec
562 4498 650 4559 ellipsis
668 4499 812 4556 describitur,
848 4505 975 4554 resolvitur
995 4507 1057 4555 eired
1080 4508 1208 4565 Tellurem,
1238 4509 1271 4557 ini
1292 4509 1357 4558 eliud
1378 4511 1478 4574 quodr'u

189 4558 817 4691 ltltltlllttt‘ltf‘tilmtlltltltl
849 4583 1068 4686 §.tigilli
1077 4572 1431 4686 itt-'tltltltttlitm
1440 4590 1477 4622 ¹*

190 4688 299 4749 temporis
320 4701 368 4749 quo
389 4685 476 4761 ellipsis
498 4689 601 4737 relstirss
627 4691 701 4753 ellipd
723 4695 819 4757 sequslis
847 4697 937 4758 jectum
956 4701 1055 4746 orbitsm
1074 4698 1218 4757 daeesiberet,
1241 4712 1264 4748 et
1285 4703 1386 4762 planeta
1407 4653 1479 4750 ὶιεῑΐῐ

189 4753 249 4801 eires
268 4766 310 4799 nos
329 4749 382 4800 veri
401 4761 509 4799 immotos
530 4751 674 4815 describitur,
697 4769 724 4806 ut
745 4762 819 4808 cubus
851 4761 973 4821 periodum
989 4778 1055 4811 susm
1071 4764 1197 4824 compleret
1214 4767 1264 4829 (lo.
1284 4765 1336 4814 Lib.
1352 4767 1395 4831 1.)
1434 4771 1451 4813 δ
1471 4769 1477 4812 l
