3330 5692
59 513 377 601 trunitanus]
419 516 662 585 PRINCIPIA
686 520 1056 592 MATHEMATICA.
1308 540 1349 601 27

58 688 162 754 θυμω·
177 687 205 733 in
220 686 325 749 ieorpus
340 687 442 737 eenuale
457 688 512 738 Jovi
530 690 616 748 simile.
630 692 691 740 eires
722 694 824 742 centrele
840 695 922 744 debeat
941 698 1053 746 removeri
1070 715 1084 746 a
1102 708 1190 759 puncto
1208 701 1269 750 lter
1281 718 1347 751 aree-

57 752 127 816 quod,
146 750 240 800 semoti
262 752 323 799 Solis
344 753 440 806 actione,
459 754 549 802 satelles
562 757 653 818 gravior
668 756 690 804 1.
722 757 776 805 dere
787 774 866 806 versus
878 761 906 818 P,
920 762 964 809 hoe
981 773 1016 809 est
1029 763 1146 810 transferri
1157 780 1185 811 ex
1201 765 1210 812 i
1226 781 1306 814 versut
1318 767 1346 826 13

57 817 186 867 doeeriben
206 817 293 877 poterit
313 818 412 865 entium
442 817 463 864 P
485 819 510 873 Q
530 819 554 868 R
574 821 597 867 T
619 821 690 881 priori
722 821 756 867 ita
769 834 797 870 ut
812 835 918 872 centrum
933 827 1013 874 orbitae
1029 827 1347 880 satellitieremotiusease

59 885 80 931 A
89 882 109 930 C
118 882 140 929 B
149 880 454 957 anualem3restituetm
460 883 520 930 Solis
525 884 593 941 aetio,
599 885 659 932 actio
666 878 695 931 e-'
723 885 805 934 debeat
815 904 829 934 a
842 889 896 936 Sole
923 888 978 939 uim
989 891 1061 951 ipsius
1071 906 1155 951 corpus
1165 893 1273 941 centrale.

56 945 691 1021 jusnmumrmquetatellrtemerttequalisinsimilibus
754 950 810 998 Jam
832 951 887 1000 verd
906 907 959 1001 dico
980 954 1040 1002 illud
1060 969 1145 1014 corpus
1162 957 1263 1005 oenone
1279 959 1308 1005 ad
1333 961 1345 1008 1

58 1013 184 1058 utimum
193 1020 289 1070 punctu
297 1028 306 1068 ;
316 1025 371 1057 nam
380 1020 474 1071 propter
481 1012 600 1075 ingentem
608 1014 690 1075 puncti
722 1015 840 1062 transferri
856 1017 946 1074 debere,
964 1034 1020 1066 nam
1035 1019 1065 1065 eit
1079 1033 1164 1078 eorpus
1174 1022 1275 1069 neutram
1285 1023 1309 1068 in
1323 1025 1345 1079 l,

61 1073 229 1122 Sdlstantiam
245 1074 354 1122 eritSA
371 1073 402 1121 ad
418 1075 477 1132 ΒΡ,
493 1077 690 1125 etSBadSR
723 1079 812 1126 semoti
826 1080 886 1127 Solis
900 1083 998 1140 wdone,
1015 1082 1347 1147 mtellesLeodemtempore

195 1175 241 1232 st,
259 1142 586 1279 natvm-¹-
722 1144 1346 1275 neren

58 1288 109 1327 tates
123 1281 149 1326 in
166 1277 203 1324 eis
214 1278 310 1339 punctis
327 1278 402 1329 forent
413 1292 440 1329 ut
450 1282 466 1330 d
477 1283 507 1331 ad
517 1223 689 1347 ἴὶἀὶὁςυοιί
721 1241 817 1382 ἑξζζηέ
815 1288 865 1385 {⁰1}-
872 1275 1018 1403 {Yeolrdbq
1032 1275 1115 1386 1310&
1131 1248 1283 1388 ῑὲῧθῶῧξ
1302 1232 1346 1405 {li}

721 1399 865 1448 velocitatem
876 1403 981 1450 eamdem
992 1403 1085 1450 habebit
1092 1354 1165 1465 1quam
1176 1404 1245 1451 habet
1255 1405 1346 1452 satelles

721 1462 769 1508 lin
785 1480 828 1512 suo
844 1466 938 1524 circulo,
955 1467 1047 1529 qualem
1062 1483 1084 1514 v.
1098 1483 1132 1529 gr.
1146 1469 1215 1514 habet
1228 1468 1253 1514 in
1272 1469 1346 1517 Cubi

721 1527 869 1576 velocitatum
890 1530 982 1578 illamm
1000 1530 1137 1578 directiones
1156 1542 1211 1579 suut
1228 1533 1344 1594 paralleloe

720 1593 844 1640 umiuter
859 1593 1344 1658 tequtmdimetrottP‚eroodnun.

720 1655 805 1703 tiaram
824 1658 837 1705 I
851 1660 877 1715 Q
890 1670 914 1706 et
931 1661 944 1708 I
958 1661 978 1708 C
995 1659 1149 1722 equalitatem
1163 1659 1222 1706 vires
1232 1661 1344 1708 centrales

720 1729 775 1766 sunt
789 1722 889 1783 equales
901 1722 1033 1771 directionis
1043 1723 1178 1785 obliquitate
1189 1723 1286 1784 paulum
1297 1724 1341 1771 dif-

719 1783 833 1834 ferentes:
859 1787 957 1834 addatur
971 1787 1022 1850 jem
1040 1787 1101 1834 aetio
1121 1786 1188 1844 Solis,
1204 1797 1227 1834 et
1242 1786 1298 1834 cinn
1314 1790 1344 1836 sit

721 1848 1343 1903 SQadSCutSiadSIactionesillreSolis
1412 1885 1416 1894 ,

720 1915 760 1974 (ex
776 1914 840 1975 Hyp.
853 1925 877 1962 et
893 1915 1065 1976 demonstratis)
1082 1915 1107 1962 in
1123 1915 1233 1963 satellites
1247 1915 1344 1963 diverse

718 1977 842 2039 gravitatis,
862 1978 902 2026 sed
920 1979 1006 2040 positos
1022 1979 1047 2025 in
1067 1981 1092 2034 Q
1109 1988 1133 2026 et
1153 1980 1173 2027 C
1188 1990 1257 2026 erunt
1272 1981 1343 2026 etiam

718 2042 1038 2163 ne
1046 2042 1139 2154 :ne
1147 2041 1343 2156 nenn-

717 2178 741 2214 et
754 2169 778 2216 D
794 2187 864 2233 quam
879 2170 991 2232 proximi,
1007 2182 1055 2218 tam
1071 2171 1160 2218 ratione
1174 2169 1275 2230 corporis
1287 2187 1342 2219 cen·

718 2234 781 2281 trslis
795 2236 806 2282 l
822 2233 895 2297 quim
912 2236 981 2283 etiem
998 2250 1027 2283 er
1042 2235 1152 2297 adjuncta
1165 2234 1257 2282 aetium
1274 2235 1341 2293 Solis,

716 2300 857 2346 mutationes
867 2298 921 2347 vero
931 2316 959 2346 ex
971 2299 1026 2349 Sole
1037 2298 1163 2362 pendentes
1174 2299 1198 2345 in
1210 2299 1232 2345 A
1244 2307 1268 2345 et
1280 2299 1307 2354 P,
1318 2314 1342 2348 et

716 2360 741 2407 in
760 2363 784 2409 lt
800 2373 824 2411 et
840 2364 862 2411 B
879 2365 979 2427 equales
994 2373 1056 2420 sunt,
1071 2365 1127 2427 quia
1141 2373 1197 2413 sunt
1211 2362 1342 2413 differentia

716 2426 819 2489 ejusdem
831 2428 865 2475 ris
876 2429 936 2476 Solia
947 2431 971 2476 iu
984 2430 996 2476 1
1009 2439 1033 2477 et
1042 2429 1126 2477 virium
1139 2430 1199 2478 Solia
1210 2430 1235 2476 in
1245 2431 1269 2477 A
1277 2439 1301 2477 et
1310 2431 1339 2488 P,

716 2499 743 2536 nt
754 2500 777 2537 et
787 2491 871 2539 virium
885 2493 944 2540 Solis
955 2493 980 2539 in
996 2494 1019 2540 lt
1029 2502 1053 2541 et
1071 2494 1101 2551 P,
1118 2494 1177 2541 vires
1187 2504 1266 2542 autem
1277 2494 1302 2540 ln
1316 2496 1339 2541 A

716 2563 740 2599 et
752 2555 773 2602 Ρ
783 2566 838 2603 sunt
848 2558 985 2619 equalesex
999 2558 1065 2620 Hyp.
1076 2567 1100 2606 et
1110 2558 1171 2606 dem.
1181 2567 1239 2606 utet
1249 2557 1273 2604 in
1285 2559 1341 2606 Ret

716 2615 748 2669 B.
784 2619 854 2669 Unde
864 2620 919 2668 erim
930 2623 965 2668 ris
975 2622 1077 2682 primarii
1089 2638 1175 2685 magna
1185 2620 1299 2669 censenda
1310 2623 1341 2669 sit

714 2695 820 2744 respectu
839 2687 873 2731 ris
894 2685 925 2743 S;
941 2687 1041 2732 rationes
1058 2686 1144 2732 virium
1160 2686 1339 2745 centripeterum

609 2775 612 2781 ·
715 2748 859 2795 residuarum
875 2750 899 2795 iu
918 2750 974 2797 Pet
986 2753 1016 2805 A.
1032 2751 1053 2798 Β
1069 2759 1092 2796 et
1109 2751 1130 2796 lt
1141 2758 1238 2796 manent
1247 2750 1340 2794 interae

341 2851 346 2875 Ι
715 2811 739 2856 in
751 2811 832 2859 eadem
848 2813 936 2860 ratione
946 2829 973 2860 ao
984 2815 1003 2860 ri
1014 2812 1081 2860 nulla
1090 2813 1150 2859 foret
1160 2813 1220 2859 actio
1233 2812 1299 2864 Solis,
1316 2820 1340 2858 et

714 2885 742 2922 ut
758 2874 847 2923 semoti
857 2877 948 2924 actione
960 2877 1020 2924 Solis
1031 2892 1112 2923 curras
1123 2891 1176 2922 tuas
1186 2874 1267 2922 iisdem
1279 2883 1339 2920 tem-

310 2885 403 3053 *s
714 2939 808 2998 poribus
824 2940 951 2986 describere
968 2940 1091 2996 faciebant,
1111 2939 1226 2986 eeleritate
1244 2938 1340 2999 quidem

713 3003 831 3065 maioriin
844 3004 873 3061 Ρ,
885 3003 969 3050 minori
980 3004 1005 3050 in
1020 3003 1048 3058 R,
1060 3001 1338 3058 mediaverdinAetB,

272 3086 276 3091 -
713 3066 792 3130 itaque
800 3067 881 3115 eadem
888 3066 1062 3128 pmximdiisin
1070 3067 1163 3129 punctis
1170 3067 1273 3114 manebit
1281 3067 1339 3114 ratio

58 3130 158 3178 :tellite
168 3131 248 3178 luent
259 3146 422 3195 requegrares,
432 3130 526 3190 peribit·
536 3131 683 3179 indistantiia
714 3129 874 3192 descriptionis
881 3146 1018 3188 ourvarum3
1030 3130 1084 3179 rum
1094 3146 1150 3193 ergo
1156 3131 1338 3178 demonstratum

57 3194 208 3256 firmitatum
219 3195 567 3257 eispunotisforentutdade,
578 3195 682 3258 sedquiu
713 3194 944 3258 sitquodinpunctis
957 3197 1073 3251 PQRT.
1088 3195 1268 3244 ACBDaetio
1279 3194 1339 3242 Solis

57 3258 681 3335 pmiumllitislestadgraritatemsatellitisltute
714 3274 760 3306 non
772 3262 848 3307 turbet
858 3259 993 3307 relationem
1007 3275 1061 3323 que
1075 3258 1197 3307 interoedit
1211 3259 1272 3304 inter
1287 3273 1338 3304 mo.

57 3323 583 3386 addoompenratnrdisertmengrsvitatisex
595 3323 680 3371 dioran
712 3321 770 3370 dum
781 3323 968 3385 quoourrreillu
981 3323 1110 3380 PQRT,
1121 3327 1143 3370 A
1155 3322 1206 3372 CB
1217 3323 1242 3369 D
1253 3321 1338 3368 deseri-

56 3385 83 3434 u
91 3397 170 3434 ormm
180 3401 225 3448 per
240 3387 366 3436 discrimen
381 3387 501 3449 gravitatis
515 3404 544 3435 ex
560 3389 681 3450 hypothesi
712 3388 808 3445 buntur,
819 3387 874 3435 cum
885 3389 970 3435 virium
981 3389 1082 3436 rationes
1092 3386 1181 3435 eodem
1191 3395 1300 3433 moneant
1310 3400 1338 3433 ae

56 3451 215 3499 murm
229 3452 329 3500 mutatio
337 3461 416 3499 autern
422 3467 476 3513 que
484 3467 512 3498 ex
520 3453 612 3500 actione
620 3452 681 3500 Solis
712 3451 777 3511 prius
784 3451 969 3514 quamproxime,
982 3453 1044 3500 idem
1051 3452 1120 3500 etiam
1128 3452 1158 3499 de
1163 3450 1257 3513 punctis
1267 3449 1338 3495 inter-

56 3515 123 3562 oeimr
137 3515 164 3561 in
176 3515 278 3562 orbitam
293 3516 397 3563 satellitis
408 3513 481 3562 relate
492 3515 523 3563 ad
533 3517 584 3578 ejus
594 3516 680 3577 prima·
712 3515 795 3562 mediis
805 3516 848 3563 erit
858 3516 1044 3580 intelligendum.
1081 3515 1152 3564 Unde
1161 3515 1265 3577 nequitur
1274 3511 1338 3574 quod

57 3578 112 3626 rien
127 3578 217 3640 pudet
232 3595 261 3627 ex
278 3580 411 3626 discrimine
429 3579 525 3627 ationis
538 3581 598 3628 Solis
609 3580 634 3626 in
643 3597 679 3628 aa·
712 3579 803 3626 satelles
814 3580 836 3627 L
847 3580 873 3627 in
883 3580 958 3628 orbiti
971 3581 992 3628 P
1005 3582 1031 3635 Q
1041 3581 1064 3627 tt
1073 3580 1096 3629 Τ
1105 3579 1192 3626 revolvi
1204 3578 1287 3640 poterit
1297 3592 1337 3623 eo·

57 3641 148 3690 tillim
158 3651 184 3690 et
199 3643 225 3689 in
236 3643 381 3703 primarium,
398 3644 442 3690 ltot
453 3644 523 3690 estin
534 3645 679 3705 oppositione
711 3641 767 3690 dem
782 3654 886 3704 tempore
901 3644 1029 3706 iisdemque
1042 3642 1147 3704 proxime
1162 3643 1254 3705 legibus
1263 3656 1291 3687 ae
1301 3655 1337 3686 aa·

57 3707 137 3764 pudet
154 3723 185 3754 ex
203 3707 298 3755 muno
309 3707 408 3755 aetionis
424 3707 486 3754 Solis
501 3707 525 3754 iu
543 3709 679 3769 primarium
711 3707 778 3754 telles
790 3707 812 3755 L
825 3708 850 3754 in
860 3705 937 3756 orbiti
951 3707 995 3755 sud
1013 3710 1035 3756 A
1050 3707 1149 3764 CBD,
1167 3707 1187 3754 si
1202 3706 1293 3768 gravior
1308 3704 1338 3751 tit

58 3769 148 3831 tnpet
163 3772 256 3819 actione
277 3772 337 3819 Solis
352 3772 378 3818 in
393 3771 533 3831 satellitem
549 3773 609 3820 etin
621 3787 679 3822 con·
710 3771 771 3819 Jove
781 3771 874 3832 paribus
884 3772 1061 3821 indistantiisin
1070 3772 1158 3819 ratione
1165 3766 1284 3829 duplicati
1290 3768 1337 3815 dis-

56 3833 170 3893 heum·
186 3850 216 3882 ea
230 3837 329 3884 mutatio
343 3837 468 3896 penderes
479 3836 573 3884 reaiduo
582 3836 679 3884 mdonis
711 3835 791 3881 tantia
809 3835 869 3883 Solis
885 3852 900 3883 a
915 3847 995 3884 oeutro
1009 3853 1058 3882 sue
1072 3836 1153 3883 orbita
1163 3833 1193 3881 ad
1203 3832 1337 3880 uernum

60 3897 114 3946 &B
131 3899 157 3946 in
173 3900 298 3948 ntellitem
311 3898 407 3961 dempti
423 3899 483 3947 Solis
495 3900 678 3961 monempri-
713 3899 951 3959 SolisabipsoJore.
987 3900 1089 3956 Q.e.d

59 3963 165 4010 mium
184 3964 241 4010 enlm
318 3964 378 4012 attio
391 3963 452 4012 Solis
462 3965 487 4011 in
497 3965 606 4012 satellites
619 3965 641 4012 L
656 3975 680 4013 et
745 3962 861 4011 Eamdem
878 3964 1097 4012 demonstrationem
1109 3961 1219 4022 applicari
1229 3976 1296 4022 posse
1306 3960 1336 4009 td

59 4024 116 4080 leit
130 4027 228 4086 eadem
297 4029 358 4076 serio
370 4029 431 4076 Solis
445 4029 471 4075 in
485 4029 641 4090 primariumi
654 4030 679 4076 lit
711 4041 791 4075 nasum
816 4029 856 4075 ubi
878 4029 969 4076 satelles
995 4037 1163 4089 supponeretur
1184 4026 1255 4079 levior
1276 4026 1337 4073 Jove

59 4090 130 4138 finer
147 4091 221 4154 quim
240 4092 267 4139 in
286 4093 423 4155 primarium
444 4092 465 4150 1,
487 4095 513 4140 in
534 4094 679 4154 oppositione
711 4091 805 4152 paribus
815 4092 840 4138 in
851 4092 971 4150 distantiis,
982 4092 1095 4153 illumque
1103 4101 1159 4137 tunc
1167 4090 1337 4150 descripturum

59 4153 131 4202 ninus
140 4167 174 4203 eat
188 4156 308 4204 residuum
323 4157 387 4219 quod
401 4158 555 4204 mutationem
570 4156 644 4217 pariet
654 4157 679 4203 in
711 4155 812 4216 ellipsim
828 4158 896 4220 eujus
912 4167 1018 4204 centrum
1036 4155 1089 4203 Sole
1104 4155 1202 4202 vicinius
1212 4153 1256 4201 erit
1265 4152 1337 4215 quim

59 4218 125 4267 ulit·
145 4220 253 4268 satellitis
270 4221 298 4275 L.
314 4219 386 4284 quim
400 4221 520 4269 residuum
542 4220 605 4284 quod
625 4236 678 4267 mu·
711 4219 812 4280 Jupiter,
830 4222 862 4268 ita
878 4231 906 4269 ut
921 4223 951 4269 sit
967 4221 1067 4283 gravitas
1082 4218 1186 4266 satellitis
1196 4219 1225 4265 ad
1236 4219 1338 4280 gravita-

58 4282 162 4332 Uionem
183 4285 290 4332 satellitis
312 4284 320 4332 l
342 4286 402 4345 parit
423 4287 449 4332 in
472 4283 554 4341 orbiti,
579 4294 603 4332 et
628 4301 678 4332 ma·
711 4293 759 4330 tem
776 4284 841 4334 Jovis
855 4286 879 4331 in
893 4283 1012 4346 duplicati
1028 4285 1115 4331 ratione
1125 4283 1241 4330 disunrioe
1252 4281 1337 4329 Solita

55 4345 90 4408 ’μ
102 4363 117 4395 e
131 4360 213 4397 onum
229 4359 266 4397 est
279 4349 400 4397 residuum
416 4350 441 4396 in
460 4349 624 4413 conjunctione
642 4365 678 4396 re·
710 4357 789 4395 oentm
805 4350 885 4396 orbitae
900 4349 930 4397 ad
946 4349 1078 4396 distantiam
1096 4347 1156 4395 Solis
1169 4363 1184 4394 a
1198 4346 1264 4396 Jove.
1301 4345 1334 4401 Q,

58 4422 129 4470 m
144 4414 226 4461 unire
241 4414 346 4461 satellitis
363 4414 386 4461 L
402 4413 475 4478 quim
493 4425 599 4474 respectu
609 4415 678 4461 orbi·
709 4412 807 4459 alterum
819 4429 839 4460 e.
854 4413 876 4460 d.
1328 4469 1335 4482 ·

58 4484 84 4521 tn
99 4476 206 4525 ntellitis
223 4478 248 4536 l;
270 4479 311 4525 sed
330 4478 371 4525 illa
390 4479 483 4526 residua
502 4490 549 4525 tam
566 4478 590 4524 in
606 4493 679 4538 oppo-
746 4475 801 4524 nte
817 4479 906 4524 ratione
920 4476 975 4523 satis
986 4485 1091 4523 tonsure
1101 4484 1213 4522 turtum
1226 4473 1337 4522 Newtont

57 4538 133 4588 itione
149 4541 223 4604 quim
239 4544 266 4589 in
284 4543 448 4602 conjunctione
466 4543 513 4589 rim
529 4543 679 4602 centripetanr
712 4541 837 4597 eredimus,
855 4541 916 4587 idem
932 4551 1009 4588 tamen
1026 4541 1093 4588 aliter
1108 4542 1164 4589 irrito
1182 4543 1269 4588 earcuo
1286 4551 1336 4583 ma·

57 4600 176 4663 fl'utont5
194 4621 252 4669 ergo
264 4607 299 4654 ris
309 4608 437 4667 centripeta
447 4608 520 4671 mejor
531 4617 610 4653 manet
620 4606 645 4652 in
656 4607 680 4654 tt
711 4605 748 4667 gis
763 4604 791 4651 ad
807 4615 908 4652 mentem
926 4604 1035 4652 Newtoni
1049 4604 1199 4652 dernonatrari
1211 4617 1277 4664 pmse
1288 4614 1335 4647 nun

56 4667 120 4728 ἡ
131 4670 157 4716 in
171 4670 201 4724 B,
213 4681 238 4718 et
249 4671 326 4717 minor
336 4686 350 4718 e
360 4681 441 4718 uonna
451 4671 476 4716 in
494 4669 598 4732 Pqudm
609 4671 634 4716 in
649 4672 679 4727 A,
711 4683 840 4731 negamu13
856 4667 898 4715 sed
913 4670 972 4716 ratio
986 4683 1042 4716 eum
1058 4669 1175 4718 altulum
1186 4666 1290 4718 intrandi.
1306 4677 1336 4710 er

56 4732 114 4780 nde
128 4744 193 4795 patet
286 4745 315 4782 ut
328 4734 462 4782 restituatur
475 4733 604 4781 similitudo
618 4733 679 4781 inter
709 4731 738 4778 iis
753 4747 806 4795 qun
825 4741 905 4790 postea
920 4731 951 4781 de
969 4734 1071 4784 motibus
1083 4733 1204 4782 luminas
1220 4730 1336 4785 dmum

56 4796 148 4847 Μ
227 4797 252 4810 ““
276 4797 679 4859 hetorbitamsatellitisleorpus
710 4794 907 4845 eritdeducenda.
