3330 5692
355 552 547 620 FLUXUS
570 555 631 620 Ac
655 555 879 621 REFUXUS
903 555 1060 622 MARIS.
1281 569 1343 627 258

58 726 140 792 sime
159 749 265 791 sumus
282 729 447 804 ostensuri,
472 729 511 792 ab
534 729 583 792 his
602 728 723 793 duabus
743 731 860 794 viribus
878 751 940 793 non
964 728 1065 794 saltim
1088 730 1121 794 in
1139 754 1256 800 oceano
1275 757 1344 798 mo-

57 838 130 900 tum
151 836 345 920 reciprocum
366 839 510 922 generari
530 837 654 915 debere,
677 838 840 910 sedetiam
856 841 1054 925 cumptum,
1075 843 1129 927 qui
1143 843 1237 909 aestlts
1251 846 1345 909 mari·

55 947 94 1009 ni
115 946 242 1010 nornine
263 946 408 1033 insigniri
429 947 527 1010 solet:
550 965 643 1033 atque
665 947 747 1012 hanc
768 949 896 1013 obrem
922 948 1053 1014 firmiter
1068 951 1135 1035 jam
1155 952 1344 1018 affirmamus

55 1079 164 1120 veram
186 1056 291 1121 duxits
312 1080 350 1121 ac
370 1057 508 1122 refluxirs
531 1081 654 1122 causam
676 1061 709 1122 in
733 1060 813 1124 Solis
835 1061 895 1124 illis
915 1061 1037 1125 duabus
1058 1064 1186 1140 viribus,
1209 1088 1342 1150 quarum

57 1166 156 1230 altera
177 1165 219 1230 ad
243 1166 348 1231 Solem
363 1178 411 1230 est
432 1166 559 1244 directa,
583 1167 680 1230 altera
694 1166 733 1231 ad
750 1168 885 1245 Lunam,
902 1191 969 1232 esse
982 1171 1134 1254 positam;
1157 1172 1279 1258 hocque
1301 1175 1341 1236 si·

57 1272 124 1335 mul
144 1272 286 1336 omnium
308 1294 417 1338 eorum
439 1274 605 1338 sententias
624 1272 763 1338 firndittls
784 1276 960 1352 evertimus,
983 1278 1037 1363 qui
1059 1278 1109 1342 vel
1128 1278 1196 1342 aliis
1213 1280 1342 1344 omnind

56 1381 174 1445 viribus
197 1381 281 1446 idem
302 1381 533 1465 phaemmenon
555 1381 740 1460 adscribere,
763 1383 813 1447 vel
827 1405 899 1447 cum
920 1383 969 1448 his
991 1385 1066 1469 ipsis
1081 1386 1156 1450 alias
1170 1387 1252 1452 vires
1266 1410 1342 1452 con·
1406 1398 1411 1411 “

52 1492 190 1579 jtmgare
204 1506 367 1556 conamur.

99 1609 123 1686 t.
144 1612 196 1667 11.
224 1602 367 1679 Quaestio
392 1604 487 1689 igitur
511 1603 552 1666 de
576 1600 668 1666 causa
693 1601 797 1665 fluxits
822 1624 859 1665 ac
882 1602 1019 1666 refluxus
1043 1603 1147 1679 maris,
1173 1607 1278 1688 prouti
1304 1630 1342 1670 ea

57 1711 98 1775 ab
118 1710 325 1775 illustrissimi
349 1709 519 1775 Academia
536 1709 636 1796 Regia
651 1721 699 1772 est
718 1711 888 1793 proposita,
910 1709 952 1772 ad
964 1708 1047 1773 banc
1061 1710 1226 1774 deducitur
1240 1735 1341 1798 quaes-

57 1819 185 1895 tionem,
209 1832 245 1883 ut
265 1818 411 1882 binarum
431 1818 554 1881 illarum
576 1817 697 1892 virium,
721 1815 833 1900 quibus
855 1815 986 1903 siuguloe
1008 1815 1119 1879 Terrae
1140 1829 1244 1901 partes
1267 1817 1341 1882 etim

56 1926 97 1990 ad
120 1925 227 1991 Solem
248 1924 315 1989 ttlm
336 1924 376 1989 ad
403 1924 526 1988 Lunam
547 1920 698 2008 perpetub
720 1934 880 2007 urgentur,
904 1922 997 2008 idque
1012 1922 1045 1984 in
1060 1921 1275 1987 distantiarum
1289 1947 1339 1988 ra·

56 2036 141 2098 tione
157 2036 314 2120 reciproci
329 2033 495 2119 duplicati,
511 2054 605 2097 causa
619 2031 791 2118 assignetur
805 2029 944 2116 physica,
983 2031 1035 2094 Ex
1049 2053 1112 2116 quo
1126 2033 1341 2097 tractationem

56 2156 198 2209 nostram
211 2145 390 2230 bipartitam
405 2167 471 2209 esse
485 2143 650 2228 oportebit
697 2138 804 2205 Primb
819 2140 936 2204 scilicet
950 2162 990 2204 ex
1007 2138 1168 2223 principiis
1182 2139 1342 2203 mechani-

57 2255 102 2318 cis
115 2253 253 2318 dilucide
262 2254 321 2317 erit
334 2251 572 2327 ostendendum,
590 2274 609 2315 a
624 2251 704 2314 binis
718 2250 778 2312 illis
793 2250 910 2312 viribus
926 2249 1031 2314 Solem
1043 2249 1229 2334 Lunamque
1243 2251 1342 2335 respi-

56 2364 210 2428 cientibus
236 2361 309 2427 ctlm
333 2364 454 2425 fluxum
479 2383 517 2424 ac
542 2359 696 2423 refluxum
718 2357 812 2420 maris
834 2356 1005 2442 generatim
1029 2354 1104 2417 oriri
1128 2354 1253 2432 debere,
1274 2354 1342 2421 tdm

56 2472 153 2535 etiam
173 2471 235 2533 hoc
255 2469 350 2534 modo
365 2469 487 2555 singula
508 2466 715 2551 phaenomena
729 2463 873 2528 distincte
888 2462 1036 2546 explicari
1050 2484 1161 2545 posse:
1184 2462 1244 2526 hac
1258 2466 1342 2528 enim

55 2592 148 2664 parte
163 2577 303 2644 absoluti
318 2577 440 2640 nullum
455 2574 608 2659 supererit
626 2573 766 2648 dubium,
790 2570 865 2657 quin
880 2571 969 2655 origo
984 2566 1078 2631 astus
1092 2568 1187 2631 maris
1201 2568 1251 2631 his
1267 2571 1341 2655 ipsis

56 2688 187 2765 viribus,
210 2708 286 2773 quas
308 2700 378 2750 actu
396 2687 463 2771 jam
484 2685 517 2746 in
536 2683 655 2747 mundo
669 2682 802 2745 existere
816 2679 989 2755 docuimus,
1012 2678 1171 2741 debeatur.
1215 2678 1342 2743 Deinde

55 2793 133 2859 verb
152 2794 266 2857 harum
288 2793 400 2855 virium
415 2814 508 2855 causa
522 2790 651 2875 physica
664 2787 795 2851 indicari
809 2786 913 2864 debet,
937 2785 1008 2849 crim
1031 2784 1063 2848 id
1080 2786 1120 2848 sit
1135 2786 1340 2870 praecipuum,

59 2904 148 2992 quod
169 2902 286 2988 inclyta
300 2901 471 2966 Academia
486 2901 622 2987 requirit
667 2897 764 2974 Quod
779 2898 905 2983 quidem
919 2897 960 2960 ad
978 2895 1063 2959 illam
1085 2909 1206 2979 partem
1220 2898 1340 2975 attinet,

55 3011 90 3075 in
113 3013 181 3097 ejus
202 3009 409 3095 explicatione
429 3008 556 3072 minime
577 3007 775 3082 haesitamm3
797 3018 828 3068 et
843 3006 1020 3069 clarissimis
1035 3007 1272 3093 certissimisque
1288 3007 1343 3071 de-

55 3117 337 3183 monstrationibus
352 3118 493 3181 evincere
507 3117 699 3200 pollicemur,
722 3136 779 3199 per
800 3115 874 3181 istas
889 3116 969 3179 vires
985 3115 1089 3179 omnia
1103 3115 1232 3179 omninb
1246 3117 1342 3180 aesttis

53 3229 153 3293 maris
167 3228 374 3312 phaenomena
393 3224 618 3290 absolutissime
640 3224 789 3308 explicari
809 3245 920 3307 posse3
942 3222 1002 3309 quai
1025 3225 1059 3286 in
1073 3246 1108 3287 re
1121 3224 1199 3286 nulli
1220 3224 1343 3289 dubita·

53 3337 136 3401 tioni
161 3335 454 3422 ullusrelinquitur
479 3334 577 3410 locus,
607 3330 677 3397 crim
705 3345 770 3397 tota
790 3331 832 3395 ad
856 3332 1058 3419 geometriam
1075 3344 1107 3396 et
1130 3331 1341 3396 mechanicam

53 3445 272 3510 sublimiorem
296 3445 459 3530 pertineat,
484 3444 662 3529 calculoque
688 3442 841 3527 analytica
867 3443 907 3505 sit
932 3443 1079 3527 subjecta
1133 3441 1246 3505 Altera
1267 3440 1342 3506 verb

51 3576 141 3640 pars,
157 3555 191 3618 in
205 3555 365 3618 scientiam
379 3556 552 3619 naturalem
567 3555 717 3638 imprimis
731 3556 902 3632 incurrens,
918 3556 1027 3641 majori
1038 3554 1211 3619 difficultati
1221 3553 1344 3617 videtur

52 3663 205 3740 obnoxia,
223 3684 281 3726 nec
296 3673 390 3726 tantae
404 3662 568 3727 evidentiae
582 3684 698 3746 capax3
721 3659 828 3725 verdm
843 3659 915 3725 crim
929 3662 989 3725 ista
1002 3685 1051 3726 res
1066 3662 1229 3726 occasione
1243 3660 1342 3745 pluri·
1368 3737 1372 3749 ι

53 3794 113 3836 tun
127 3773 336 3859 quaestionum
350 3772 390 3837 ab
402 3771 571 3836 Academia
583 3771 783 3835 celeberrimi
793 3772 925 3836 antehac
938 3773 1167 3857 propositarum
1177 3775 1244 3856 jam
1255 3784 1343 3835 tanto

57 3880 165 3944 attidio
179 3882 220 3944 ait
234 3880 417 3966 investigata
431 3892 524 3965 atque
539 3878 689 3955 absoluta,
706 3902 774 3943 eam
789 3902 852 3943 non
868 3880 981 3943 minori
996 3878 1180 3943 certitudine
1194 3879 1343 3963 expedire

55 3991 256 4056 confidimus.

105 4103 128 4180 §a
154 4107 205 4164 12.
243 4098 391 4183 Explosis
419 4099 481 4163 hoc
511 4098 619 4164 saltem
651 4111 792 4182 tempore
821 4100 1019 4185 qualitatibus
1047 4099 1176 4163 occultis
1187 4099 1342 4185 missique

42 4203 227 4293 Anglorum
253 4208 459 4293 quorumdam
485 4207 629 4272 renovati
655 4209 846 4286 attractione,
878 4232 949 4295 quae
974 4233 1045 4274 cum
1068 4211 1182 4274 saniori
1205 4209 1342 4294 philoso-

60 4309 178 4391 phandi
199 4314 297 4378 modo
318 4313 494 4379 nullatenus
516 4315 685 4378 consistere
706 4327 817 4399 potest,
841 4316 980 4378 omnium
1001 4315 1114 4377 virium
1130 4335 1200 4400 quae
1215 4314 1343 4400 quidem

61 4417 103 4481 in
120 4423 235 4488 mundo
257 4423 469 4500 observantur,
494 4424 611 4508 duplex
627 4424 808 4488 statuendus
823 4438 870 4489 est
883 4425 952 4490 fons
968 4439 1060 4511 atque
1075 4426 1173 4513 origo.
1219 4425 1342 4509 Nemp:

63 4522 135 4592 edm
157 4532 274 4596 viribus
295 4531 451 4595 tribuatur
472 4532 522 4595 vel
547 4531 650 4597 mottis
672 4534 833 4620 generatio
858 4534 908 4597 vel
930 4535 1114 4611 immutatio,
1138 4535 1196 4598 iste
1214 4534 1343 4599 effectus

64 4650 186 4724 temper
200 4639 250 4705 vel
273 4639 313 4703 ab
328 4639 468 4703 allisione
483 4663 660 4726 corporum,
683 4641 733 4704 vel
750 4664 770 4703 a
789 4642 819 4703 vi
840 4641 1010 4731 centrifugti
1029 4643 1244 4728 proficiscitur,
1268 4666 1344 4729 qua-
1393 4702 1395 4707 ⁴

60 4755 132 4808 mm
143 4751 305 4814 actionum
319 4762 450 4836 utraque
465 4750 613 4827 facultati,
638 4748 699 4836 qud
715 4751 821 4813 omnia
835 4772 967 4834 corpora
985 4767 1057 4816 sunt
1073 4752 1206 4838 praedita
1227 4753 1259 4815 in
1281 4765 1344 4815 stn-

56 4853 165 5002 miluo
188 4861 253 4924 sire
275 4859 386 4945 quietis
408 4861 472 4926 aive
487 4860 590 4927 mattis
605 4861 765 4947 aequabilis
780 4862 813 4925 in
828 4862 980 4927 directum
998 4864 1237 4948 perseverandi„
1250 4862 1344 4927 debe·

120 4977 157 5014 οι.
174 4966 201 5014 ll
223 5002 229 5014 .
679 4968 701 5015 T
