3300 5678
290 601 353 658 990
546 595 813 673 INQUISlTlO
838 596 1043 663 PHYSICA
1067 597 1117 663 IN
1142 597 1337 665 CAUSAM

290 782 364 869 nuto
378 833 413 860 =
430 766 911 904 Q,
935 808 1103 872 denotante
1120 809 1152 884 Q
1172 811 1276 874 sinum
1290 808 1509 874 declirutionis
1530 806 1583 870 bo-

643 892 662 931 8,

291 1023 381 1086 realis
399 1023 489 1099 Solis,
506 1035 538 1085 et
552 1023 650 1107 qejus
661 1021 813 1099 cosinum,
827 1021 996 1088 habebitur
1007 1026 1075 1089 hoec
1086 1025 1222 1110 aequatio

1234 982 1584 1070 L(npr·l·PR)Nr

1385 1088 1435 1149 b⁰

288 1196 695 1360 5Q,
712 1235 853 1322 neglecti
869 1235 994 1301 fractio·

288 1431 329 1472 ne
343 1411 393 1492 ζῇ,
408 1429 466 1492 per
481 1429 576 1492 quam
591 1406 819 1471 incrementum
830 1409 877 1473 vis
893 1410 996 1474 Lunae

288 1515 488 1602 multiplicari
515 1514 656 1580 deberet.
707 1514 867 1592 Quoniam
893 1531 997 1582 autem

291 1627 385 1690 Luna
405 1648 425 1687 a
446 1623 622 1687 meridiano
644 1646 708 1686 uon
731 1626 843 1709 procul
858 1626 994 1703 distabit,

329 1842 391 1905 .L
455 1843 512 1906 48

291 1905 341 1946 me
358 1921 443 1981 ’5²'
456 1927 521 2008 F,
538 1879 729 1945 obtinebitur
744 1882 802 1945 iste
817 1881 904 1945 valor
920 1881 951 1944 N
962 1910 997 1937 =

292 2053 323 2117 T
335 2076 355 2138 ‘l
368 2058 424 2138 (tp
436 2076 457 2139 q
469 2053 501 2116 ‘l'
518 2053 545 2116 P
557 2053 602 2131 Q)
614 2115 623 2167 3
646 2093 698 2178 qui
721 2095 753 2156 in
775 2106 897 2178 tempus
920 2117 994 2157 con·

300 2141 592 2237 ar—(pffifffi

292 2283 400 2324 versus
415 2259 502 2325 dabit
516 2263 666 2347 temporis
678 2267 825 2350 spatium,
842 2290 906 2353 quo
918 2291 999 2354 aqua

292 2383 364 2453 post
389 2369 554 2434 transitum
584 2371 686 2436 Lunae
714 2396 771 2458 per
796 2374 1004 2438 meridianum
1034 2373 1203 2437 maximam
1230 2367 1430 2433 altitudinem
1455 2363 1580 2452 attingit.

296 2517 363 2581 Sub
378 2530 538 2603 oequatore
552 2541 628 2605 ergo
643 2520 702 2584 erit
717 2520 750 2584 N
770 2549 805 2577 =
829 2484 957 2647 Ίέῑὲῐ-Ἷ,
981 2521 1024 2584 ob
1051 2521 1078 2584 P
1092 2548 1127 2574 =
1144 2531 1209 2583 oet
1229 2539 1300 2601 p=
1318 2525 1332 2585 1
1348 2539 1357 2591 3
1379 2536 1481 2601 quare
1496 2514 1521 2579 si
1534 2510 1582 2576 de·

294 2688 476 2755 clinationes
498 2691 697 2756 luminarium
712 2694 761 2756 vel
784 2694 985 2781 negligantur
999 2694 1048 2756 vel
1063 2692 1197 2779 aequales
1212 2700 1423 2765 assumantur,
1446 2687 1491 2751 its
1505 2698 1538 2749 ut
1549 2684 1582 2747 sit

632 2801 699 2865 Tt

295 2862 393 2925 qq=
405 2863 421 2902 Γ
432 2862 457 2915 Γ,
475 2840 529 2903 flet
542 2839 574 2903 N
584 2881 619 2908 =
630 2888 709 2968 Τ,
725 2843 813 2926 cujus
828 2843 1036 2924 expressionis
1052 2841 1139 2904 valor
1154 2851 1239 2904 extat
1249 2837 1408 2900 maximus
1420 2835 1446 2898 si
1457 2832 1581 2922 angulus

297 3011 336 3075 M
354 3012 425 3075 PL
448 3013 487 3076 sit
502 3011 565 3078 45⁰.
587 3036 650 3099 quo
672 3036 745 3078 casu
767 3016 827 3078 erit
851 3016 883 3079 N
897 3045 931 3071 =
948 3019 978 3098 ᾗ,
1002 3032 1032 3081 et
1055 3017 1188 3104 angulus
1210 3012 1405 3098 respondens
1419 3041 1455 3067 =
1473 3008 1514 3079 7⁰.
1533 3011 1581 3073 ll‘.

296 3119 349 3204 qui
366 3119 483 3183 indicat
498 3143 610 3206 aquam
625 3144 779 3186 summam
796 3132 837 3187 30
852 3125 979 3188 minutis
994 3138 1066 3208 post
1085 3124 1249 3187 transitum
1266 3120 1368 3185 Lunae
1392 3142 1451 3204 per
1466 3116 1581 3182 meridi·

296 3247 390 3288 anum
412 3227 592 3315 contingere
614 3229 746 3293 debere:
771 3232 962 3317 totidemque
978 3233 1104 3296 minutis
1120 3255 1201 3317 aqua
1215 3243 1287 3293 ante
1302 3229 1472 3291 transitum
1490 3227 1580 3290 Luuae

296 3358 353 3420 per
367 3337 573 3401 meridianum
588 3338 722 3402 maxime
738 3341 798 3403 erit
812 3341 940 3417 elevata,
965 3342 991 3403 si
1010 3342 1063 3405 Sol
1080 3354 1147 3404 tum
1162 3337 1270 3402 versus
1285 3358 1434 3401 occasum
1448 3349 1580 3400 versetur

297 3445 413 3532 angulo
437 3445 476 3509 M
497 3446 524 3509 P
540 3445 616 3508 L=
634 3448 821 3511 semi-recto.
869 3449 1085 3524 Quamobrem
1100 3449 1125 3511 si
1148 3448 1240 3511 Luna
1255 3444 1295 3508 ad
1311 3444 1521 3507 meridianum
1535 3463 1580 3524 ap·

296 3552 393 3636 pellat
418 3552 495 3616 horsi
520 3553 603 3615 nond
629 3554 692 3618 sive
718 3556 869 3619 matutini
898 3557 962 3620 sive
983 3555 1209 3641 pomeridianis,
1236 3554 1341 3617 fluxus
1368 3551 1499 3616 demum
1520 3563 1579 3637 post

297 3661 502 3725 semi-horam
517 3662 648 3740 eveniet,
665 3676 696 3728 at
711 3664 737 3727 si
752 3664 830 3728 horai
847 3665 937 3729 tertii
953 3666 1092 3751 appellat
1108 3667 1200 3729 Luna
1215 3663 1255 3727 ad
1270 3662 1492 3741 meridianum,
1512 3684 1579 3748 equs

298 3795 420 3836 summa
436 3776 496 3838 30‘.
513 3773 585 3839 ante
599 3775 830 3841 observabitur:
855 3779 887 3840 in
903 3779 970 3842 aliis
981 3779 1055 3842 verb
1069 3779 1179 3843 Terrae
1195 3779 1376 3867 regionibus
1392 3780 1454 3841 ista
1467 3778 1579 3841 abem-

297 3884 341 3947 tio
357 3873 456 3972 magis
471 3899 518 3949 est
539 3886 739 3973 irregularis3
761 3888 887 3951 interim
910 3901 1014 3952 tamen
1030 3890 1103 3953 satis
1118 3911 1218 3973 prope
1234 3911 1274 3951 ex
1288 3886 1423 3951 formulis
1440 3886 1513 3950 dau
1533 3903 1579 3968 pet

298 3992 396 4055 solam
411 3995 649 4058 aestimationem
663 4009 767 4080 potest
781 3995 914 4059 deliniri.
1243 4082 1245 4086 .

342 4110 365 4183 ᾗ.
381 4113 433 4168 64.
458 4104 555 4181 Quod
571 4107 595 4169 si
611 4120 715 4170 autem
729 4107 811 4170 hanc
826 4129 893 4169 rem
909 4107 1044 4170 curatius
1060 4107 1245 4193 investigare
1260 4105 1403 4182 velimus,
1428 4104 1578 4168 amborum

299 4214 498 4278 luminarium
514 4216 736 4280 declinationes
753 4238 817 4278 non
839 4239 899 4300 pro
921 4217 1050 4279 arbitrio
1066 4216 1186 4302 fingere
1209 4215 1289 4290 licet,
1313 4215 1456 4298 pendent
1470 4213 1579 4276 enims

299 4345 332 4385 se
347 4322 457 4393 mutub
472 4324 608 4387 maxime
623 4325 664 4388 ob
680 4324 829 4410 angulum
845 4324 1005 4387 horarium
1024 4324 1061 4386 M
1079 4324 1107 4388 P
1123 4323 1152 4387 L
1168 4325 1301 4386 interea
1323 4323 1521 4407 interjectum
1533 4316 1578 4380 da·

299 4444 383 4492 tum:
408 4444 441 4494 ut
457 4431 551 4517 igitur
572 4425 718 4516 prodatis
742 4432 843 4496 Lunae
865 4432 955 4515 phasi
977 4432 1204 4495 aberrationem
1220 4431 1369 4493 maximae
1386 4453 1478 4515 aquae
1492 4429 1579 4492 eleu-

299 4538 392 4599 tionis
408 4562 426 4600 a
441 4541 572 4603 transitu
596 4540 698 4603 Lunae
720 4562 776 4625 per
791 4540 997 4603 meridianum
1013 4540 1264 4615 determinemus,
1281 4551 1488 4623 repraesentet
1502 4534 1580 4599 nobis

299 4647 433 4712 circulus
451 4649 476 4711 Z
493 4648 521 4712 B
539 4649 569 4711 N
588 4651 614 4713 C
631 4651 806 4714 verticalem
821 4650 1016 4734 primarium,
1036 4648 1064 4712 B
1081 4647 1110 4714 C
1131 4649 1337 4723 horizontem,
1356 4647 1384 4710 Z
1401 4647 1432 4710 N
1448 4643 1579 4709 meridia-

300 4778 374 4820 num
389 4779 447 4840 per
462 4756 526 4820 dati
542 4758 601 4821 loci
617 4760 720 4822 zenith
738 4761 763 4823 Z
779 4774 809 4822 et
825 4759 914 4822 nadir
932 4758 963 4820 N
979 4757 1120 4834 ductum,
1137 4771 1230 4844 atque
1245 4773 1388 4843 aequator
1404 4758 1444 4820 sit
1462 4757 1489 4821 B
1505 4758 1532 4818 A
1547 4752 1579 4823 (Σ,

300 4867 391 4950 polus
407 4865 549 4929 australis
565 4888 596 4948 p,
621 4880 652 4929 et
675 4868 816 4950 ecliptica
838 4879 862 4922 n
881 4881 912 4919 Δ
936 4877 977 4927 rs.
1025 4866 1222 4930 Constitutus
1245 4887 1329 4930 nunc
1346 4866 1386 4929 sit
1404 4864 1457 4929 Sol
1474 4865 1504 4926 in
1521 4862 1581 4925 Set
