3300 5678
201 545 262 600 180
345 571 347 575 ·
439 595 443 601 .
500 529 841 600 PHILOSOPHIAE
864 524 1144 595 NATUBALIS
1183 520 1270 602 [Da
1282 518 1417 587 Musa.
1431 518 1513 583 Srsr.

196 707 264 773 nuli
279 706 468 792 conjunctim
482 718 620 792 aequaret
634 705 738 771 lucem
750 704 847 792 globi,
871 703 959 787 cujus
978 699 1134 767 diameter
1148 707 1242 763 esset
1272 697 1342 763 30⁹
1353 719 1363 758 z
1386 694 1445 758 erit
1458 692 1511 758 df»

197 817 294 882 tantia
309 829 439 880 eometae
454 816 495 880 ad
509 816 686 880 distantiam
702 815 828 880 Saturni
843 827 878 878 ut
895 821 909 875 l
928 811 975 875 ad·
990 811 1022 877 θ’
1041 820 1062 876 4
1076 807 1223 886 inverse,
1243 824 1280 871 et
1300 808 1377 870 12⁹.
1393 804 1434 871 ad
1450 807 1509 870 W.

198 921 326 1000 directe,
342 922 375 986 id
390 935 445 1000 est,
462 936 497 987 ut
511 931 552 988 at
569 924 610 988 ad
626 934 666 989 30
682 932 772 988 seut
789 922 830 989 ad
845 931 875 986 5.
921 920 1043 987 Rursus
1059 932 1187 984 cometa
1204 916 1293 983 anui
1313 923 1400 982 1665
1416 936 1508 979 meme

144 1101 148 1108 ,
199 1031 313 1115 Aprili,
336 1044 371 1095 ut
392 1045 501 1094 auctor
515 1042 562 1095 est
578 1030 741 1107 Hevelius,
764 1029 904 1095 claritate
918 1026 972 1094 suti
994 1049 1075 1112 pene
1089 1026 1175 1091 fixas
1193 1047 1319 1092 omnes
1336 1023 1504 1109 superabat,

198 1137 367 1224 quinetiam
395 1137 498 1221 ipsum
529 1138 698 1203 Saturnum
727 1137 847 1201 ratione
877 1135 990 1201 coloris
1019 1132 1167 1198 videlicet
1203 1131 1314 1219 longe
1345 1131 1502 1196 viridioeu

172 1294 175 1326 ,
199 1249 328 1332 Quippe
349 1248 482 1312 lucidior
503 1260 569 1312 erat
590 1248 642 1312 hic
657 1261 778 1312 cometa
792 1246 891 1312 altero
905 1245 969 1322 illo,
992 1244 1047 1330 qui
1066 1244 1100 1306 in
1115 1242 1183 1307 fine
1201 1243 1289 1307 anni
1303 1240 1502 1326 praecedatis

198 1369 393 1441 apparuerat,
417 1369 448 1420 et
470 1377 542 1420 cum
564 1356 659 1420 stellis
684 1355 794 1440 primae
818 1351 1040 1440 magnitudinis
1066 1349 1315 1416 conferebatur.
1366 1347 1500 1415 latitudo

198 1463 337 1547 capillitii
360 1474 427 1525 erat
447 1464 534 1548 quasi
559 1465 598 1526 6'.
622 1475 654 1525 at
674 1461 803 1528 nucleus
825 1483 897 1526 cum
918 1459 1049 1544 planetis
1070 1480 1133 1541 ope
1152 1456 1232 1521 tubi
1256 1456 1365 1542 optici
1385 1455 1498 1520 collant

200 1571 294 1656 plane
314 1571 416 1640 minor
438 1583 504 1634 erat
524 1571 613 1647 Jove,
638 1583 669 1634 et
689 1593 774 1634 nunc
787 1572 890 1635 minor
904 1589 1036 1655 corpore
1050 1566 1250 1632 intermedio
1268 1567 1417 1644 Saturni,
1429 1588 1497 1631 nnnc

198 1678 257 1762 ipsi
272 1677 400 1764 aequalis
417 1677 625 1762 judicabatur.
672 1677 772 1742 Porrb
794 1677 866 1743 ciun
888 1677 1038 1742 diameter
1052 1675 1199 1761 capillitii
1216 1688 1425 1740 cometarum
1440 1674 1497 1740 mi

169 1771 175 1794 ‘
199 1799 324 1870 superet
346 1786 386 1848 8'.
410 1784 459 1848 vel
484 1788 544 1860 la‘,
568 1784 718 1849 diameter
738 1784 813 1849 verb
834 1784 946 1862 nuclei,
969 1805 1024 1848 seu
1046 1782 1144 1847 stelloe
1170 1783 1337 1848 centralis
1366 1784 1408 1849 sit
1427 1784 1495 1870 quei

200 1895 319 1970 decima
338 1895 387 1958 vel
407 1894 486 1981 forte
507 1896 629 1960 decima
642 1898 751 1982 quinta
764 1919 838 1980 pars
853 1895 996 1959 diametri
1010 1892 1162 1977 capillitii,
1179 1905 1280 1977 patet
1294 1892 1409 1958 stellas
1421 1892 1495 1957 bnsoe

199 2015 235 2065 ut
248 2000 418 2085 plurimdm
440 2002 579 2086 ejusdem
594 2025 661 2067 esse
675 2003 852 2087 apparentis
868 1999 1090 2088 magnitudinis
1112 2014 1190 2063 cum
1213 2000 1375 2084 planetis.
1419 1999 1495 2066 Unde

200 2109 272 2174 crim
293 2109 347 2173 lux
370 2132 477 2175 earum
500 2134 572 2174 cum
593 2112 663 2176 luce
688 2113 814 2177 Saturni
835 2134 901 2176 non
916 2109 988 2175 rard
1003 2109 1137 2174 conferri
1158 2112 1283 2194 possit,
1309 2111 1494 2198 eamquedi-

200 2219 327 2306 quando
350 2234 485 2304 superet,
509 2220 708 2287 manifestum
733 2235 788 2298 est,
812 2223 895 2309 quod
920 2236 1050 2287 cometae
1069 2244 1181 2287 ouures
1211 2223 1250 2286 in
1277 2223 1441 2308 peribeliis
1455 2220 1493 2285 vel

199 2329 280 2393 infra
296 2330 465 2394 Saturnum
480 2331 655 2396 collocandi
677 2333 747 2409 sint,
770 2333 819 2397 vel
840 2355 904 2397 non
926 2330 1020 2419 longe
1034 2331 1138 2415 supra.
1189 2331 1323 2397 Errant
1339 2334 1495 2422 igiturtots

200 2437 290 2515 coelo,
307 2439 361 2523 qui
376 2451 511 2503 cometas
527 2440 558 2501 in
574 2441 733 2527 regionem
748 2440 882 2504 fixarum
896 2462 996 2524 prope
1011 2438 1175 2524 ablegant:
1203 2439 1273 2524 quir
1290 2455 1384 2505 certe
1398 2441 1495 2505 radant

199 2570 264 2612 non
284 2547 383 2632 magis
404 2547 551 2611 illustrari
565 2548 748 2614 deberenta
765 2548 838 2613 Sole
852 2561 968 2626 nostro,
992 2545 1086 2634 quam
1099 2547 1258 2630 planetae,
1283 2553 1345 2637 qui
1365 2551 1418 2616 bic
1430 2564 1494 2627 suut,

201 2660 396 2725 illustrantur
410 2683 430 2724 a
443 2660 539 2724 stellis
550 2661 632 2725 fixis.

247 2771 330 2835 Haec
352 2771 577 2855 disputavimus
602 2793 667 2834 non
691 2770 919 2837 considerando
942 2768 1196 2833 obscurationem
1228 2781 1434 2835 cometarum
1453 2789 1497 2855 pu

202 2877 322 2941 fumum
345 2877 432 2940 illum
448 2877 583 2940 maxime
599 2879 760 2963 copiosum
776 2890 806 2941 et
821 2896 969 2953 erassum,
986 2898 1049 2962 quo
1064 2888 1159 2959 caput
1174 2877 1408 2955 circundatur,
1428 2877 1497 2963 qms'

203 3007 260 3068 per
274 2985 390 3048 nubem
405 2985 515 3048 obtuse
530 3008 652 3068 semper
667 2986 782 3048 lucens.
821 2985 905 3048 Nam
916 2998 1032 3069 quanto
1046 2984 1216 3047 obscurius
1233 2987 1390 3051 redditur
1403 3007 1497 3069 corpus

201 3096 363 3177 perhanc
385 3095 515 3173 fumum,
538 3095 625 3161 tantb
647 3097 776 3181 propius
797 3096 837 3159 ad
861 3095 966 3159 Solem
988 3093 1114 3156 accedat
1133 3116 1274 3159 necesse
1290 3110 1354 3174 est,
1379 3111 1412 3159 ut
1426 3095 1498 3178 copis

202 3202 280 3265 lucis
301 3227 320 3266 a
341 3227 374 3266 se
396 3205 520 3267 reflexae
542 3204 681 3288 planetas
705 3203 877 3266 aemuletur.
923 3201 1002 3265 Inde
1018 3200 1186 3263 verisimile
1204 3202 1246 3264 fit
1263 3217 1409 3267 cometas
1423 3201 1497 3288 longi

202 3315 280 3378 infra
303 3316 458 3400 sphaeram
483 3318 608 3382 Saturni
623 3316 821 3392 descendere,
843 3313 887 3376 uti
910 3335 949 3375 ex
971 3311 1124 3396 parallaxi
1147 3313 1380 3394 probavimus.
1426 3313 1496 3377 Idem

202 3428 276 3492 verb
304 3452 396 3514 quarn
420 3429 554 3491 maxime
580 3427 781 3492 confirmatur
807 3449 847 3489 ex
874 3424 989 3488 caudis.
1035 3420 1072 3506 (f)
1099 3422 1165 3485 Hae
1192 3424 1248 3486 vel
1277 3448 1322 3488 ex
1347 3426 1495 3489 reflexion

202 3537 279 3601 furni
302 3540 400 3621 sparsi
421 3560 479 3621 per
500 3537 627 3614 aethera,
648 3538 753 3601 velex
772 3537 840 3599 luce
855 3535 964 3618 capitis
979 3533 1131 3595 oriuntur.
1180 3532 1305 3598 Priore
1323 3560 1399 3599 casu
1413 3536 1494 3599 minn-

203 3648 283 3711 enda
298 3662 345 3711 est
360 3648 505 3711 distantia
520 3661 722 3725 cometarum,
746 3671 786 3710 ne
807 3646 910 3709 furnus
926 3669 945 3708 a
960 3644 1059 3728 capite
1074 3665 1202 3725 semper
1219 3661 1316 3710 ortus
1344 3671 1402 3733 per
1415 3646 1494 3729 spatis

201 3762 292 3823 nimis
317 3760 420 3844 ampla
444 3761 618 3823 incredibili
643 3784 714 3824 cum
740 3760 902 3823 velocitate
928 3771 959 3822 et
989 3757 1181 3842 expansione
1211 3776 1426 3847 propagetur.
1464 3756 1491 3818 ln

201 3867 373 3951 posteriore
390 3866 553 3930 referenda
568 3881 615 3931 est
628 3868 683 3931 lux
698 3869 798 3931 omnis
814 3881 878 3930 tam
893 3866 1001 3930 caudae
1020 3862 1112 3950 quim
1128 3864 1283 3947 capillitii
1308 3867 1352 3929 ad
1368 3866 1492 3930 nucleum

201 3977 319 4060 capitis.
367 3974 466 4061 Igitur
488 3976 514 4038 si
536 3977 745 4061 concipiamus
769 3976 870 4038 lucem
892 3974 973 4036 hanc
992 3994 1116 4035 ornnem
1145 3975 1348 4060 congregari
1375 3988 1404 4036 et
1428 3975 1491 4035 inus

201 4085 321 4148 discum
345 4085 446 4146 nuclei
470 4086 630 4161 coarctari,
657 4086 786 4148 nucleus
812 4085 864 4147 ille
883 4087 948 4169 jam
972 4096 1065 4159 certe,
1090 4083 1218 4167 quoties
1245 4086 1386 4147 caudam
1410 4083 1489 4146 maxi-

200 4215 283 4255 mam
305 4207 337 4256 et
358 4194 613 4280 fulgentissimam
636 4195 755 4271 emittit,
774 4196 813 4279 (Β)
836 4197 948 4259 Jovem
971 4195 1071 4278 ipsum
1093 4191 1272 4275 splendore
1294 4219 1357 4258 sno
1378 4195 1486 4257 multum

233 4359 268 4420 (t)
287 4364 298 4390 *
321 4364 368 4409 Her
387 4364 421 4408 vel
439 4379 465 4409 er
483 4365 603 4426 reflexione
613 4363 684 4426 sumi
702 4365 782 4423 sparsi,
801 4371 829 4407 ut
863 4359 1025 4415 Flamstadius,
1043 4360 1140 4406 cedebat
1156 4360 1225 4417 Jori,
1246 4363 1360 4425 ιᾶεόῳιε
1373 4363 1420 4409 Soli
1435 4358 1487 4420 bap

201 4427 279 4482 posted
291 4426 431 4483 probabitur.
861 4426 963 4480 vicinior,
977 4426 1033 4486 quin
1045 4424 1093 4469 imo
1104 4425 1181 4469 minor
1200 4440 1255 4473 erat
1275 4428 1407 4474 Mercurio.
1441 4425 1485 4472 Νι·

234 4487 268 4549 (⁸)
283 4492 294 4515 ⁸*
308 4492 387 4537 Jovem
403 4492 478 4550 ipsum
496 4494 612 4550 splendore
628 4509 677 4538 sao.
715 4490 744 4536 Id
761 4489 829 4536 variis
861 4489 899 4535 die
916 4496 952 4536 17.
972 4489 1058 4534 mensis
1074 4489 1153 4549 hujus,
1171 4491 1216 4534 ubi
1240 4493 1326 4538 Terra.-
1344 4493 1433 4552 propior
1445 4498 1485 4536 ab

200 4553 396 4598 observationibus
413 4554 534 4600 confirmat
553 4557 682 4601 Newtonus
703 4555 727 4600 in
749 4556 827 4614 Opus-
861 4554 968 4613 apparuit
983 4553 1079 4600 Cassino
1089 4568 1129 4612 per
1142 4554 1304 4614 telescopinm
1317 4558 1419 4616 pedo&
1432 4549 1485 4613 pub

200 4615 255 4660 culo
266 4615 294 4660 de
308 4617 393 4664 Mundi
408 4619 542 4677 Systemate.
581 4621 678 4666 Cometa
688 4620 743 4665 anni
758 4624 824 4666 1679.
861 4618 937 4663 minor
956 4617 1026 4678 globo
1046 4617 1148 4662 Saturni.
1209 4619 1260 4666 Die
1281 4626 1304 4665 8.
1320 4621 1407 4667 mensis
1424 4619 1483 4679 teja

203 4680 338 4725 Decembris
360 4686 395 4725 19.
415 4691 438 4726 et
457 4687 493 4728 15.
505 4683 558 4729 stilo
573 4684 649 4734 reteri.
665 4699 712 4745 quo
727 4694 830 4743 tempore
863 4692 966 4741 tempore
982 4682 1104 4735 matutino,
1121 4680 1180 4727 vidit
1198 4682 1318 4731 Uelleius
1336 4685 1431 4731 audam
1447 4694 1484 4741 με·

201 4743 300 4788 caudam
311 4743 459 4789 clarissimam
471 4747 591 4793 emittebat
602 4759 625 4792 et
637 4748 682 4795 luci
700 4748 829 4793 multorum
863 4745 1071 4807 brevemetjlatam,
1081 4746 1216 4806 etquasiex
1228 4764 1329 4806 corpore
1340 4749 1400 4794 Sota
1406 4750 1484 4809 jmjn

200 4807 296 4856 Joviunr
314 4823 354 4867 per
370 4817 460 4853 tanturn
477 4811 577 4867 spatium
588 4811 679 4857 diffusa·
690 4828 717 4858 ac
727 4812 829 4858 dilatata*
862 4810 943 4855 orituri
960 4819 1091 4863 creontem,
1109 4809 1138 4854 ad
1157 4810 1233 4857 instar
1246 4814 1318 4859 nubis
1336 4813 1426 4859 irnob'ro
1436 4822 1484 4855 mn

200 4887 247 4918 ¹¹⁰⁰
258 4872 377 4932 lfflpfflms
387 4872 547 4932 magnitudine
559 4875 643 4931 nuclei,
662 4878 830 4923 utobservabat
862 4873 980 4937 fulgentis,
998 4888 1041 4919 nec
1057 4872 1123 4932 prius
1134 4872 1298 4934 disparentem
1310 4880 1384 4940 quim
1397 4877 1434 4923 Sol
1447 4876 1483 4933 its!
