3330 5692
345 518 534 590 FLUXUS
556 525 617 588 AC
645 523 898 590 REFLUXUS
922 523 1079 589 MARIS.
1289 533 1349 588 323

67 693 103 758 in
123 693 270 759 lluxuhus
292 695 375 759 circa
395 696 534 783 syzygias
557 695 650 783 quim
665 697 888 782 quadraturas:
911 698 945 760 in
966 697 1160 782 quadraturis
1175 697 1258 760 enim
1272 720 1349 782 quo-

68 804 165 878 niam,
188 800 263 864 dum
284 800 377 864 Luna
397 823 454 886 per
474 802 681 867 meridianum
703 803 823 881 transit,
847 803 900 868 Sol
916 826 980 867 non
995 825 1117 887 semper
1138 804 1170 866 in
1188 803 1348 869 horizonte

67 922 216 986 versam,
239 907 296 972 sed
317 906 367 971 vel
388 908 428 971 ad
450 908 641 974 horizontem
663 909 790 973 demum
813 910 933 975 accedit
953 910 1002 973 vel
1017 913 1084 995 jam
1104 911 1144 974 ab
1164 933 1202 975 eo
1218 913 1345 990 recedit,

65 1038 192 1081 necesse
212 1028 260 1080 est
280 1028 316 1081 ut
336 1015 391 1079 illo
411 1039 484 1080 casu
505 1017 608 1081 fluxus
631 1019 729 1095 cithia,
753 1019 813 1083 hoc
828 1019 909 1083 vveri>
928 1017 1046 1082 tardids
1060 1019 1238 1106 contingat:
1261 1023 1347 1106 quod

55 1126 233 1189 discrimen
245 1122 317 1189 crim
330 1126 445 1210 partim
455 1126 495 1190 ab
506 1127 677 1191 elevatione
691 1129 765 1212 poli,
778 1129 891 1213 partim
902 1130 1134 1193 adeclinatioue
1148 1128 1345 1194 luminarium

60 1240 210 1324 pendeat,
224 1255 382 1306 momenta
397 1242 539 1305 fluxuum
554 1242 587 1305 in
602 1241 797 1326 quadraturis
812 1242 911 1330 magis
926 1241 1108 1328 irregularia
1122 1241 1240 1305 reddit:
1265 1243 1344 1306 iute-

60 1350 122 1412 rim
146 1363 252 1414 tamen
274 1349 378 1414 habita
401 1350 513 1414 harum
538 1351 836 1415 circumstantiarum
862 1353 980 1416 ratione
1004 1353 1076 1416 satis
1099 1351 1198 1437 prope
1220 1351 1344 1416 deliniri

59 1472 174 1543 potest.
221 1458 314 1523 Circa
333 1472 475 1543 tempora
494 1459 637 1523 fluxuum
659 1475 772 1538 autem,
793 1463 846 1547 qui
868 1463 900 1524 in
922 1462 1087 1525 noviluniis
1109 1484 1146 1525 ac
1167 1461 1343 1547 pleniluniis

59 1564 213 1643 incidunt,
228 1564 297 1630 haec
313 1566 379 1630 sola
392 1567 544 1630 correctio
558 1590 613 1630 seu
627 1566 767 1631 reductio
782 1567 821 1631 ad
837 1569 999 1631 transitum
1015 1568 1115 1632 Lunae
1128 1589 1186 1652 per
1199 1568 1342 1631 meridia-

59 1695 138 1738 num
159 1696 285 1737 omnem
306 1673 370 1738 fere
388 1675 574 1739 anomaliam
589 1676 678 1753 tollit,
701 1699 851 1762 quorsum
865 1691 983 1761 spectat
997 1677 1137 1765 regulae
1153 1677 1248 1742 celeb.
1265 1678 1342 1742 Cas·

57 1783 128 1846 sino
148 1783 182 1845 in
206 1783 305 1847 Mem.
323 1791 417 1850 1710.
440 1783 562 1860 tradita,
586 1785 647 1869 quir
669 1807 727 1868 pro
742 1786 870 1850 totidem
884 1785 980 1863 horis,
1003 1786 1115 1873 quibus
1136 1786 1342 1871 plenilunium

56 1912 116 1954 seu
129 1888 324 1953 novilunium
338 1889 386 1952 vel
402 1903 474 1953 ante
488 1890 648 1954 meridiem
664 1891 713 1954 vel
727 1906 798 1976 post
812 1893 929 1970 incidit,
946 1892 1075 1957 totidem
1088 1893 1163 1956 bina
1173 1895 1291 1958 minuta
1301 1895 1341 1958 ad

59 2015 185 2086 tempus
199 1999 303 2065 fluxirs
318 2001 456 2064 medium
471 2002 520 2065 vel
534 2001 649 2065 addere
664 2002 712 2065 vel
727 2002 767 2066 ab
782 2025 820 2066 eo
834 2003 1017 2068 subtrahere
1026 2003 1126 2089 jubet,
1142 2004 1257 2089 quippe
1271 2027 1341 2089 quas

54 2132 100 2174 ex
115 2122 205 2174 motu
219 2110 321 2174 Luuae
336 2121 383 2173 est
395 2111 502 2194 petita
548 2111 679 2174 Interim
687 2123 791 2175 tamen
805 2111 865 2176 haic
880 2115 1071 2177 correctione
1085 2112 1223 2177 adhibiti
1238 2114 1339 2199 aliqua

58 2219 214 2283 anomalia
235 2241 396 2304 superesse
416 2218 668 2304 deprehenditur,
692 2221 778 2306 cujus
803 2235 906 2285 autem
930 2223 1009 2286 ratio
1033 2244 1073 2285 ex
1093 2221 1199 2286 nostrai
1221 2221 1340 2286 theoriis

54 2340 170 2410 sponte
191 2325 339 2411 sequitur.
385 2325 522 2401 Quando
544 2326 628 2390 enirn
648 2327 774 2412 syzygia
793 2339 864 2390 ante
885 2327 1047 2391 meridiem
1067 2327 1248 2404 celebratur,
1273 2343 1339 2391 tum

54 2431 133 2496 dum
156 2432 249 2496 Luna
269 2453 327 2516 per
348 2431 553 2495 meridianum
575 2433 694 2507 transit,
720 2431 775 2494 Sol
791 2433 857 2517 jam
879 2444 950 2496 ante
964 2455 1036 2496 euru
1051 2445 1097 2496 est
1115 2445 1337 2519 transgressus,

53 2554 152 2625 atque
176 2537 248 2602 ideo
268 2539 335 2624 jam
359 2537 513 2601 horizonti
538 2537 776 2624 appropinquat,
802 2561 842 2601 ex
867 2561 931 2623 quo
955 2561 1080 2602 necesse
1105 2552 1152 2602 est
1176 2550 1209 2601 ut
1234 2539 1338 2603 fluxus

52 2646 148 2712 citiris
172 2647 303 2725 eveniat,
328 2645 421 2732 qutim
445 2647 545 2731 prima
568 2645 676 2733 regula
699 2646 765 2710 sola
788 2646 926 2711 adhibita
949 2646 1073 2710 iudicat.
1119 2648 1224 2730 Atque
1246 2646 1339 2709 etiarn

36 2756 142 2820 idem
164 2757 198 2819 in
219 2755 331 2819 tabulis
353 2755 495 2819 fluxuum
516 2755 723 2842 Dunkerquoe
745 2768 777 2820 et
798 2756 830 2818 in
848 2756 945 2820 Portu
960 2737 1079 2820 Gratiae
1094 2756 1337 2836 observatorum,

56 2862 158 2928 Mem.
186 2871 278 2931 1710.
303 2863 434 2942 insertis,
463 2862 625 2928 manifesto
651 2864 859 2947 conspicitur:
891 2864 1016 2949 quando
1039 2865 1121 2928 enirn
1147 2865 1338 2928 novilunium

53 2972 301 3057 pleniluniumve
322 2972 464 3058 pluribus
488 2972 573 3037 horis
596 2986 668 3037 ante
693 2972 854 3036 meridiem
879 2973 999 3051 accidit,
1025 2985 1092 3036 tum
1116 2974 1221 3038 fluxus
1248 2971 1338 3038 citids

59 3077 226 3139 advenisse
248 3073 441 3149 observatur,
466 3076 557 3159 quiam
581 3073 716 3138 calculus
733 3076 933 3139 Cassinianus
955 3075 1126 3150 iudicabat3
1149 3071 1342 3137 contrivero

60 3180 183 3246 tardius
203 3181 229 3244 si
245 3179 378 3266 syzygiae
394 3179 518 3243 demum
533 3181 674 3265 pluribus
687 3181 774 3247 horis
789 3198 860 3267 post
873 3183 1033 3247 meridiem
1055 3181 1228 3258 inciderint,
1257 3182 1342 3265 cujus

63 3290 191 3375 mayoris
205 3286 422 3351 retardationis
438 3310 530 3351 causa
551 3290 583 3351 in
607 3289 681 3354 Sole
696 3303 761 3353 tum
776 3290 878 3354 adhuc
892 3291 932 3354 ab
946 3290 1106 3354 horizonte
1121 3289 1283 3354 recedente
1298 3301 1343 3353 est

81 3395 240 3462 merenda.

59 3422 80 3484 q
102 3512 126 3589 §-
145 3513 216 3570 106.
242 3505 416 3588 Septimum
437 3502 664 3588 phaeuomenon
688 3501 864 3585 suppeditat
878 3499 1000 3563 diversa
1017 3497 1184 3562 retardatio
1198 3497 1340 3560 fluxuum

64 3613 93 3674 in
116 3609 252 3698 syzygiis
274 3610 473 3673 luminarium
495 3623 525 3672 et
548 3607 743 3694 quadraturis
758 3620 900 3691 respectu
915 3606 1062 3691 appulsirs
1082 3606 1183 3669 Lunae
1196 3602 1237 3667 ad
1251 3602 1344 3665 meri-

61 3721 208 3798 dianum3
232 3721 351 3785 tardids
373 3721 490 3785 scilicet
512 3719 626 3804 ubique
648 3719 787 3782 locorum
808 3716 921 3795 fluxus,
945 3716 998 3801 qui
1020 3715 1052 3777 in
1073 3714 1204 3800 syzygiis
1223 3711 1344 3775 contin·

64 3845 150 3918 gunt,
171 3831 378 3915 insequuntur
400 3828 651 3893 culminatiouem
675 3827 784 3903 Lunae,
808 3825 901 3912 quarn
922 3827 953 3904 ii,
977 3825 1029 3911 qui
1044 3825 1126 3887 circa
1140 3822 1343 3908 quadraturas

64 3939 200 4001 veniunt.
247 3937 354 4021 Hujus
375 3949 480 4000 autem
502 3935 698 4019 phaenomeni
721 3933 838 4018 duplex
854 3955 947 3996 causa
968 3944 1070 4017 potest
1084 3928 1243 4016 assignari,
1267 3949 1343 4012 qua·

64 4069 129 4112 rum
144 4048 248 4133 prima
262 4070 280 4109 a
294 4046 359 4109 solia
375 4046 545 4132 quantitate
559 4057 691 4108 aestuum
706 4043 831 4127 petitur,
855 4042 928 4127 quia
942 4041 1025 4105 enim
1038 4052 1132 4103 aestus
1148 4036 1343 4123 syzygiarum

64 4155 158 4221 multd
179 4169 253 4219 sunt
274 4156 405 4239 majores
428 4152 521 4239 qudm
543 4165 641 4243 aestus‘
663 4151 931 4237 quadraturarum‚
956 4160 1196 4213 consentaneum
1220 4144 1342 4208 videtur

67 4261 127 4327 illos
143 4260 264 4327 tardiris
279 4262 384 4325 venire
399 4259 492 4347 quim
514 4260 580 4324 hos.
627 4260 736 4323 Altera
751 4257 825 4323 verd
839 4281 932 4322 causa
947 4281 1017 4343 quae
1030 4258 1091 4320 hoc
1113 4255 1342 4339 phaenomenon

68 4372 157 4438 arultd
172 4370 349 4436 distinctiirs
365 4371 509 4455 explicat,
532 4370 670 4454 nullique
684 4369 780 4432 dubio
795 4367 898 4433 locum
914 4367 1068 4452 relinquit,
1085 4377 1199 4427 nostra
1214 4361 1343 4425 theoriae

72 4485 187 4548 omnino
210 4498 257 4548 est
277 4484 414 4569 propria,
435 4483 593 4567 priorique
617 4478 776 4566 longeest
798 4477 1000 4562 praelerenda.
1047 4476 1204 4540 Ponamus
1226 4472 1307 4535 enim
1330 4483 1343 4533 t

73 4608 128 4653 etse
140 4604 274 4675 tempus,
297 4614 360 4675 quo
381 4590 413 4652 in
433 4589 597 4652 noviluniis
612 4610 649 4650 ac
663 4585 839 4670 pleniluniis
854 4585 957 4647 fluxus
972 4596 1044 4667 post
1058 4580 1223 4666 appulsum
1240 4580 1342 4642 Lunae

10 4752 12 4759 .
75 4697 106 4761 ed
127 4701 331 4765 meridianum
358 4700 462 4763 venire
488 4699 582 4772 solet3
613 4694 815 4780 'sequentibus
841 4694 934 4780 igitur
958 4692 1069 4755 diebus
1095 4691 1156 4755 hoc
1182 4703 1304 4772 tempus
1330 4699 1343 4749 t

77 4811 210 4875 contnuo
234 4812 434 4886 diminuetur,
457 4810 528 4893 quia
551 4823 616 4870 tum
645 4804 708 4880 Sol,
733 4803 808 4869 dum
832 4804 922 4868 Luna
944 4803 976 4865 iu
998 4799 1170 4865 meridiano
1192 4809 1341 4871 versatur,

678 4914 695 4960 Z
712 4921 725 4959 t
