3330 5692
485 581 675 650 FLUXUS
699 583 759 648 AC
786 579 1040 648 REFLUXUS
1063 579 1222 646 MARIS.
1434 584 1496 645 295

210 791 314 855 minor
327 788 420 876 quim
438 798 451 852 l
477 808 485 855 :
515 793 545 853 ts
566 793 594 873 Ξ,
615 815 656 855 ex
672 813 734 878 quo
748 790 857 856 fractio
871 773 950 916 (Ξ-(ΓῙ
966 811 1088 874 semper
1103 789 1185 852 intra
1199 788 1259 852 hos
1273 787 1387 853 limites
1402 791 1465 871 §et
1480 790 1500 866 ξ

214 964 431 1030 continebitur.
469 963 566 1039 Quod
580 967 606 1028 si
622 988 697 1052 ergo
711 965 793 1028 hanc
808 965 848 1027 ab
860 963 1035 1049 aequalitate
1050 962 1278 1025 aberrationem
1292 961 1497 1048 negligamus,

213 1072 246 1136 id
262 1071 348 1156 quod
363 1068 432 1134 tuto
446 1069 548 1134 facere
567 1094 742 1156 possumus,
766 1072 838 1157 quia
852 1092 918 1134 rem
934 1069 1055 1132 tannim
1077 1091 1176 1154 prope
1191 1069 1323 1132 definire
1338 1088 1498 1143 conamur,

211 1216 379 1281 iambitur
393 1215 424 1279 v
438 1246 472 1273 =
488 1176 603 1343 Τῖῑ,
616 1179 712 1346 {gf-t
756 1217 897 1281 nenotat
917 1231 1021 1280 autem
1043 1215 1139 1279 ert
1161 1215 1263 1278 sinum
1284 1212 1372 1297 dupli
1394 1211 1501 1298 anguli

211 1389 331 1455 horarii
352 1414 415 1476 quo
438 1392 493 1456 Sol
515 1414 534 1454 a
555 1393 727 1455 meridiano
741 1391 844 1469 distat,
861 1406 892 1456 et
906 1393 987 1456 hanc
1002 1393 1043 1455 ob
1058 1414 1123 1456 rem
1138 1391 1179 1454 ad
1195 1403 1386 1453 momentum
1401 1388 1501 1451 maxi·

213 1519 274 1561 moe
289 1498 498 1582 depressionis
513 1522 603 1584 aquae
618 1499 850 1587 assignandum,
867 1500 1035 1565 videndum
1050 1511 1097 1562 est
1111 1497 1170 1584 qui
1187 1497 1249 1560 diei
1263 1497 1340 1560 horsi
1357 1495 1450 1559 Luna
1460 1492 1501 1557 ad

213 1604 408 1672 horizontem
424 1609 570 1694 appellat,
587 1609 740 1695 hujusque
756 1609 903 1694 temporis
918 1608 967 1672 vel
982 1633 1001 1671 a
1015 1607 1143 1672 meridie
1158 1607 1206 1669 vel
1222 1604 1323 1668 media·
1339 1614 1431 1667 nocte
1453 1603 1501 1666 in-

215 1715 378 1778 tervallum
393 1716 542 1802 capiatur,
559 1730 652 1803 atque
666 1718 697 1780 in
714 1741 821 1782 arcum
836 1719 1001 1804 aequatoris
1017 1729 1223 1782 convertatur.
1263 1716 1370 1799 Hujus
1385 1713 1500 1778 deinde

216 1824 306 1888 aretis
321 1824 370 1887 vel
385 1825 491 1911 anguli
506 1840 645 1890 sumatur
660 1827 801 1912 duplum,
819 1829 971 1914 hujusque
985 1828 1074 1912 dupli
1089 1830 1184 1906 sinna,
1201 1829 1288 1913 cujus
1303 1847 1376 1910 pars
1392 1836 1502 1888 octava

216 1933 369 2017 praebebit
383 1935 486 1999 sinum
501 1933 617 2023 anguli,
642 1936 694 2023 qui
717 1938 749 1999 in
765 1951 886 2022 tempus
902 1960 1070 2002 conversus
1084 1937 1172 2011 dabit
1186 1936 1336 2021 temporis
1357 1933 1503 1998 interval-

216 2042 291 2120 lum,
320 2067 383 2129 quo
408 2046 471 2109 ima
496 2070 576 2133 aqua
603 2047 703 2110 Lunae
730 2047 895 2133 appulsum
920 2047 960 2111 ad
986 2047 1181 2112 horizontem
1208 2045 1258 2109 vel
1282 2043 1433 2129 praecedit
1453 2043 1504 2107 vel

218 2152 376 2237 sequitur;
399 2154 432 2218 id
447 2156 532 2240 quod
546 2177 586 2219 ex
600 2156 714 2220 notatis
729 2157 965 2221 circumstantiis
981 2156 1157 2220 discernere
1170 2154 1252 2218 licet.
1300 2153 1352 2218 Sic
1366 2153 1392 2215 si
1411 2152 1504 2216 Luna

218 2259 295 2323 horti
319 2270 338 2325 9
359 2263 511 2327 matutina
533 2263 702 2342 adoriatur,
726 2265 785 2329 erit
807 2276 929 2349 tempus
949 2288 1047 2352 usque
1067 2264 1107 2328 ad
1129 2263 1292 2327 meridiem
1308 2272 1327 2325 3
1342 2261 1503 2340 horarum,

218 2369 413 2457 angulosque
434 2372 626 2457 respondens
648 2372 712 2436 45⁰.
728 2375 814 2457 cujus
836 2374 924 2458 dupli
944 2375 1029 2437 sinus
1050 2386 1097 2436 est
1118 2373 1185 2457 ipse
1200 2372 1285 2434 sinus
1300 2382 1394 2448 totus,
1417 2372 1505 2455 cujus

215 2500 289 2561 pars
312 2492 422 2541 octava
443 2479 483 2543 sit
504 2481 590 2543 sinus
607 2480 713 2567 anguli
737 2481 777 2548 7⁰.
797 2483 856 2543 ll'.
873 2481 924 2544 cui
945 2493 1067 2564 tempus
1081 2476 1251 2563 respondet
1265 2476 1330 2540 fere
1346 2486 1388 2541 30
1402 2477 1506 2540 minu-

217 2605 333 2666 torum,
352 2603 473 2654 tantum
487 2591 592 2677 itaque
606 2592 669 2654 ima
684 2614 764 2677 aqua
779 2603 884 2655 ortum
898 2591 999 2654 Lunoe
1014 2588 1179 2675 praecedet.

264 2703 288 2778 l.
315 2704 366 2765 to.
402 2698 449 2763 Ut
472 2697 541 2761 baec
566 2699 607 2762 ad
631 2699 739 2762 datum
765 2699 867 2764 Lunae
892 2720 964 2761 cum
992 2697 1065 2761 Sole
1091 2707 1250 2780 aspectum
1277 2692 1506 2757 accommodari

216 2821 344 2894 queant,
367 2831 522 2894 ponamus
535 2808 740 2898 longitudinis
757 2809 838 2873 Solis
861 2820 891 2866 ‘n
910 2813 939 2873 Θ
964 2808 1066 2870 sinum
1081 2827 1148 2869 esse
1169 2829 1200 2863 =
1222 2803 1259 2881 F,
1283 2802 1422 2864 cosinum
1443 2799 1512 2862 :f

215 2915 423 3002 longitudinis
438 2915 513 2981 verb
529 2917 631 2982 Lunoe
646 2929 677 2975 ‘t'
702 2922 719 2978 i)
739 2918 841 2980 sinum
857 2939 923 2980 esse
940 2940 971 2973 =
990 2915 1032 2992 G,
1049 2914 1189 2977 cosinum
1206 2935 1237 2968 =
1254 2933 1293 2996 g3
1315 2921 1408 2994 atque
1419 2908 1508 2972 incli-

211 3026 355 3089 nationis
377 3025 528 3111 eclipticae
542 3029 573 3090 a
592 3037 623 3083 ‘n
640 3050 660 3089 a
680 3027 783 3090 sinum
803 3052 835 3085 =
857 3025 906 3102 M,
930 3025 1071 3088 cosinum
1096 3046 1127 3080 =
1147 3042 1189 3082 m.
1236 3018 1299 3082 His
1321 3014 1430 3101 positis
1450 3018 1508 3081 erit

213 3134 252 3208 Q
265 3156 297 3190 =
315 3132 355 3197 M
372 3134 409 3210 F,
425 3145 457 3197 et
474 3134 504 3198 R
525 3159 556 3193 =
579 3133 618 3197 M
634 3134 684 3206 G;
708 3147 800 3219 atque
816 3131 1004 3196 ascensionis
1019 3142 1112 3193 rectoe
1128 3126 1209 3193 Solis
1225 3136 1255 3182 ‘t'
1275 3125 1298 3190 S
1313 3136 1443 3213 tangens
1460 3147 1509 3188 re·

1412 3257 1443 3296 m
1466 3234 1499 3298 G

205 3279 362 3363 perietur
384 3303 417 3337 =
440 3240 520 3404 Ἓξ,
553 3279 654 3342 Lunae
676 3279 750 3344 verb
771 3279 959 3345 ascensionis
981 3290 1075 3342 rectae
1098 3288 1128 3334 ‘t'
1147 3277 1176 3342 L
1197 3289 1327 3362 tangens
1354 3299 1385 3332 =
1412 3321 1508 3425 ἶ.

206 3448 430 3516 Subtrahatur
444 3452 584 3514 ascensio
599 3466 684 3515 recta
699 3452 780 3518 Solis
795 3453 835 3515 ab
850 3453 1030 3517 ascensione
1044 3449 1128 3514 recti
1145 3448 1256 3525 Lunae,
1281 3459 1312 3510 et
1326 3444 1509 3508 differena'ae
1587 3533 1594 3546 ·

198 3565 306 3627 sinus
322 3562 362 3625 sit
382 3587 413 3620 =
435 3562 477 3640 K,
501 3565 626 3627 cosinus
646 3590 677 3623 =
698 3565 729 3628 k.
776 3564 859 3628 Cim
881 3565 976 3650 igitur
990 3562 1096 3650 anguli
1121 3566 1150 3625 Θ
1169 3560 1196 3622 Ρ
1220 3563 1237 3619 l>
1261 3558 1301 3621 sit
1316 3558 1402 3620 sinus
1422 3581 1453 3614 =
1475 3554 1507 3619 K

1018 3660 1508 3754 ts(pp-RR)—VPR

194 3725 249 3774 et
266 3708 393 3773 cosinus
414 3735 445 3769 =
466 3711 497 3789 k,
514 3711 621 3798 anguli
636 3711 710 3775 verb
726 3714 756 3776 Α
773 3712 801 3776 Ρ
824 3716 841 3772 l>
860 3711 994 3775 sinus:
1232 3787 1286 3849 pr

187 3900 261 3963 ob
277 3922 298 3962 v
319 3924 351 3957 =
375 3909 403 3978 l,
420 3915 451 3965 et
466 3905 589 3966 cosinus
606 3927 637 3962 =
654 3905 698 3915 ““
711 3865 781 3929 PR
798 3903 837 3913 “
850 3862 981 4042 th‘rsp
993 3884 1014 3944 P
1026 3858 1109 3920 ‘R
1124 3855 1179 3972 R),
1196 3892 1255 3956 erit
1269 3890 1377 3977 anguli
1393 3891 1423 3953 A
1436 3889 1464 3953 Ρ
1476 3895 1506 3954 Θ

179 4064 1233 4178 sinus=T=Q
1247 4123 1278 4174 et
1288 4109 1504 4173 cosinus=t=

840 4197 856 4235 r

166 4195 1176 4471 (Qgssffl3
1214 4323 1325 4411 quibus
1353 4319 1509 4385 valoribus

166 4491 404 4569 substitutis,
416 4493 567 4581 simulque
577 4496 647 4558 sinu
659 4496 688 4555 V
701 4507 847 4578 tanquam
861 4493 950 4558 valde
961 4517 1059 4578 parvo
1071 4495 1276 4572 considerato,
1287 4494 1458 4579 reperietur
1468 4492 1510 4554 si-

166 4597 1508 4786 aamQLtW-AEQ

818 4721 861 4762 Π
885 4724 994 4786 np-

166 4837 293 4914 Sub
307 4866 465 4939 aquatore
481 4864 593 4930 autem,
611 4876 673 4939 quo
688 4850 723 4914 fit
741 4852 767 4916 P
784 4881 817 4905 =
833 4825 863 4928 l),
881 4849 911 4911 V
926 4879 960 4904 =
978 4806 1133 4977 Ἧι
1150 4870 1189 4912 ex
1200 4869 1263 4935 quo
1277 4871 1336 4932 pro
1350 4857 1509 4933 oequatore
