3330 5692
93 562 174 627 Car.
191 562 237 644 Ι.]
472 563 538 626 AD
562 563 784 628 TERTIUM
808 564 1005 631 LIBRUM.
1316 571 1380 634 xvii

92 739 136 802 ad
157 752 275 815 ortum,
300 751 336 801 ut
355 737 530 802 inveniatur
551 761 641 803 arcus
664 740 829 826 mquatoris
845 739 919 805 dato
933 753 1074 829 tempore
1090 741 1182 805 solari
1197 742 1301 807 medio
1323 743 1381 806 sub

91 848 267 912 meridiano
281 848 445 924 mansium,
462 847 583 913 dicatur
598 863 634 913 ut
647 859 689 914 24
704 850 793 914 horoe
808 849 925 916 solares
940 851 980 915 ad
995 850 1104 915 datum
1125 864 1248 937 tempus
1270 854 1380 930 solare,

89 957 135 1022 itai
159 965 241 1024 860⁰
267 960 319 1025 59‘
342 959 382 1024 8''
408 960 479 1024 20'“
512 959 553 1023 ad
575 982 683 1023 arcum
705 961 879 1047 quaesitum.
928 961 992 1025 His
1014 961 1109 1048 igitur
1128 963 1382 1047 proportionibus

88 1081 217 1152 tempus
239 1067 341 1132 solare
363 1066 502 1131 medium
516 1067 567 1131 vel
584 1080 708 1153 tempus
724 1068 879 1132 sidereum
895 1069 1086 1132 convertitur
1099 1069 1132 1132 in
1146 1069 1262 1156 gradus
1277 1093 1382 1157 aequa·

89 1179 169 1242 toris
184 1191 217 1242 et
231 1174 350 1242 contri.
391 1176 495 1241 Facile
510 1190 613 1242 autem
627 1191 713 1264 patet
727 1202 768 1243 ex
782 1180 873 1244 dictis
884 1179 969 1244 diem
980 1180 1115 1245 solarem
1129 1181 1267 1246 medium
1277 1205 1383 1268 taqua·

89 1286 155 1351 lem
169 1309 239 1350 esse
253 1292 296 1349 24
311 1284 397 1348 horis
412 1285 540 1349 sidereis
556 1308 627 1349 curn
645 1287 674 1350 3'
689 1290 747 1352 56‘'
764 1288 841 1351 82¹⁰.

138 1404 190 1464 17.
215 1395 250 1460 Si
271 1394 455 1459 observetur
476 1394 608 1458 altitudo
630 1395 803 1460 meridiana
818 1395 900 1459 Solis
916 1408 948 1459 et
962 1393 1038 1458 dato
1051 1407 1124 1459 ante
1138 1394 1188 1458 vel
1203 1406 1275 1479 post
1288 1396 1383 1458 meri-

89 1503 178 1568 diem
199 1515 343 1588 tempore
364 1501 548 1566 observetur
570 1502 664 1566 etiam
678 1502 809 1568 altitudo
824 1504 997 1568 meridiana
1011 1503 1109 1567 stellae
1123 1503 1262 1589 alicujus,
1286 1503 1383 1567 stelloe

89 1612 186 1697 brrjus
209 1611 370 1675 dabuntur
392 1608 560 1675 declinatio
582 1622 614 1674 et
638 1611 778 1675 ascensio
803 1624 897 1675 recta.
944 1610 1028 1676 Nam
1051 1633 1092 1674 ex
1117 1609 1190 1675 data
1217 1611 1381 1676 altitudine

89 1717 265 1785 meridiani
288 1717 371 1783 Solis
393 1716 486 1782 datur
507 1718 573 1803 ejus
595 1719 735 1783 ascensio
759 1730 844 1782 recta
869 1719 938 1802 (14)
965 1729 998 1782 et
1022 1731 1164 1803 tempore
1190 1719 1274 1805 quod
1300 1721 1382 1785 inter

91 1829 172 1893 duas
194 1827 427 1893 observationes
449 1825 614 1891 iratercedit
635 1827 669 1889 in
694 1848 802 1890 arcum
828 1827 994 1913 aequatoris
1018 1848 1169 1890 converso
1195 1828 1263 1910 (16)
1290 1827 1382 1892 datur

92 1961 186 2004 arcus
199 1937 366 2024 aquatoris
381 1936 436 2023 qui
450 1949 592 2022 tempore
606 1937 687 2000 inter
701 1934 780 1999 duas
795 1936 1026 2010 observationes
1041 1934 1147 2021 elapso
1160 1958 1219 2020 per
1238 1936 1383 2000 meridia-

92 2072 171 2114 nmn
192 2050 321 2125 uarrsit3
343 2047 396 2112 hic
416 2069 507 2111 arcus
527 2046 661 2111 addatur
674 2045 724 2111 vel
740 2044 932 2110 subducatur
945 2045 1119 2110 ascensioni
1133 2060 1228 2109 rectae
1244 2046 1335 2123 Solis,
1352 2060 1384 2110 et

92 2179 217 2223 mmma
231 2156 280 2220 vel
295 2155 470 2220 differentia
484 2156 545 2218 erit
557 2154 698 2218 ascensio
713 2165 800 2218 recta
818 2153 927 2217 stellas
972 2152 1152 2221 Declinatio
1166 2167 1271 2217 autern
1285 2155 1383 2218 stelle

91 2292 135 2335 ex
149 2267 218 2354 ipsi
233 2266 395 2331 altitudine
410 2266 477 2351 ejus
491 2263 662 2328 meridiani
678 2263 797 2327 eruitur
813 2265 895 2347 (14).
942 2262 1039 2339 Quod
1054 2262 1080 2327 si
1096 2275 1238 2327 centrum
1255 2264 1336 2328 Solis
1352 2278 1384 2328 et

91 2389 238 2442 centrum
264 2374 363 2438 stellae
386 2374 421 2436 in
450 2371 623 2437 meridiano
653 2369 746 2435 simul
775 2370 981 2455 reperiantur,
1012 2370 1122 2435 eadem
1147 2384 1196 2435 est
1224 2371 1383 2458 utriusque

92 2483 235 2548 ascensio
250 2493 344 2547 recta.

140 2598 190 2656 18.
215 2590 308 2654 Datis
329 2588 536 2653 declinatione
558 2600 590 2650 et
611 2586 792 2650 ascensione
815 2585 899 2650 recti
919 2587 1028 2664 stellas,
1045 2587 1159 2652 dantur
1173 2589 1269 2674 ipsius
1283 2588 1384 2676 longi-

92 2697 171 2761 tudo
193 2711 226 2761 et
247 2696 389 2761 latitudo.
435 2696 536 2761 Suuto
559 2693 603 2789 [ΖΕ
624 2693 657 2770 Q
681 2706 832 2780 aequatur,
857 2691 1097 2781 ELeeliptica,
1116 2696 1248 2781 Ppolus
1263 2698 1383 2776 mundi,

95 2807 135 2871 M
149 2807 242 2893 polus
254 2806 415 2892 eclipticas,
433 2807 456 2871 S
471 2805 569 2881 stella,
597 2804 624 2867 P
637 2805 661 2869 S
673 2801 706 2867 D

93 2914 253 3003 quadrans
282 2914 390 2978 circuli
418 2912 643 2991 declinationis,
674 2922 706 2974 et

94 3022 133 3086 M
145 3023 169 3089 S
183 3023 226 3101 K,
237 3021 395 3109 quadrans
405 3022 513 3086 circuli
523 3020 704 3084 latitudinis.

94 3130 704 3209 QuerunnrrarcuscveloKetKS.

95 3241 134 3306 In
160 3243 320 3332 triangulo
347 3243 373 3306 P
397 3241 420 3306 S
446 3242 485 3306 M
508 3241 601 3305 datur
623 3240 704 3304 latus

96 3350 124 3415 P
139 3352 179 3416 Μ
194 3375 250 3417 seu
266 3351 413 3416 distantia
426 3351 571 3436 polorum
586 3349 654 3413 Pet
667 3348 706 3412 M

96 3464 155 3524 23⁰
179 3465 241 3537 29',
266 3459 360 3525 datur
381 3480 505 3544 quoque
527 3456 608 3520 latus
632 3455 659 3519 P
682 3456 705 3520 S

95 3567 310 3632 declinationis
338 3568 361 3633 S
385 3567 420 3632 D
443 3565 705 3651 complementum

94 3674 704 3764 etmgulusMPSseuAEPD,
760 3691 791 3751 Ε

94 3788 182 3872 cujus
192 3808 340 3851 mensura
350 3797 399 3850 est
408 3808 499 3849 arcus
512 3784 557 3849 ΖΕ
569 3786 603 3850 D
614 3785 705 3849 datus

93 3894 136 3957 ob
159 3892 250 3957 datos
271 3915 329 3978 per
350 3893 565 3956 ascensionem
587 3906 705 3957 rectam

95 4000 704 4086 mmemasscmfflm

94 4125 158 4172 tarn
188 4108 233 4174 ΖΕ
268 4121 312 4172 ψ.
378 4109 488 4187 Quare
525 4117 596 4196 (per
631 4113 703 4198 trig.

95 4215 226 4301 spbaer.)
248 4219 406 4283 invenitur
428 4218 509 4283 latus
533 4219 573 4284 M
597 4221 620 4285 S
642 4220 814 4286 latitudinis
832 4223 857 4289 S
878 4223 910 4287 K
928 4225 1190 4311 complementum
1205 4239 1237 4291 et
1250 4227 1383 4315 angulus

97 4326 146 4406 M,
169 4329 258 4413 cuijus
280 4350 427 4394 mensura
447 4342 496 4394 est
517 4352 608 4394 arcus
632 4329 664 4393 K
687 4331 735 4408 L;
759 4354 800 4395 ex
823 4333 930 4397 circuli
952 4334 1123 4421 quadrante
1138 4347 1168 4394 ‘r‘
1191 4335 1221 4400 L
1238 4336 1288 4399 vel
1304 4351 1337 4389 ὑ
1355 4336 1383 4400 L

59 4491 66 4519 ,
96 4435 287 4501 subducatur
304 4436 336 4500 K
352 4436 392 4513 L,
412 4450 446 4500 et
465 4437 593 4501 dabitur
607 4448 639 4495 ‘r
659 4437 691 4501 K
711 4438 875 4527 longitudo
890 4441 987 4505 stellae
1003 4442 1035 4506 S.
1083 4442 1171 4507 Hinc
1186 4443 1278 4507 etiam
1295 4441 1384 4507 facile

95 4556 182 4629 patet
195 4541 356 4630 quomodb
371 4543 452 4608 datis
467 4545 666 4633 longitudine
684 4557 714 4604 ‘r‘
736 4546 767 4610 K
785 4559 817 4611 et
830 4547 994 4612 latitudine
1012 4548 1044 4612 K
1060 4550 1083 4615 S
1098 4551 1195 4616 stelloe
1210 4552 1234 4617 S
1252 4553 1384 4616 inveniri

97 4655 197 4738 possit
211 4655 308 4742 ipsius
324 4657 466 4721 ascensio
480 4669 567 4722 recta
580 4671 612 4720 et
627 4656 804 4721 declinatio.
850 4658 933 4722 Nam
950 4657 1025 4724 dato
1039 4671 1071 4719 ‘t’
1090 4660 1122 4724 K
1136 4661 1229 4724 datur
1245 4660 1277 4724 K
1293 4660 1332 4737 L,
1353 4675 1384 4724 et

99 4761 172 4826 inde
193 4761 288 4827 datur
310 4764 442 4850 strigulus
467 4765 490 4830 S
513 4764 553 4828 M
577 4763 613 4841 P,
637 4778 669 4828 et
691 4764 766 4830 dato
781 4767 804 4830 S
822 4765 863 4844 K,
879 4765 972 4831 datur
987 4769 1011 4834 S
1027 4768 1076 4847 M,
1093 4767 1175 4834 unde
1190 4767 1262 4832 clun
1278 4768 1382 4832 datum

141 4872 201 4921 Vos.
231 4873 270 4922 Il.
721 4881 743 4930 B
