3330 5692
455 539 516 605 ET
541 538 794 605 REFLUXUS
819 539 979 605 Marus.
1292 547 1354 605 213

65 726 213 779 centrum
227 713 388 803 gravitatis
408 716 537 792 moveri,
561 715 638 779 dum
652 715 713 780 hoc
728 727 871 779 centrum
885 715 969 778 circa
982 715 1077 778 totius
1093 714 1267 799 systematis
1283 736 1355 776 cen-

62 841 149 891 trum
165 827 323 914 gravitatis
339 828 376 912 (⁸)
393 827 542 891 eontinud
558 828 736 892 revolvitur.

109 936 315 1014 Gravitatem,
339 937 458 1000 ceteris
480 937 618 1021 paribus,
641 937 909 1021 proportionalem
934 957 1002 999 esse
1025 934 1190 1020 quantitati
1215 937 1354 999 materiae

63 1046 176 1110 solidae
199 1047 348 1131 corporis,
372 1046 603 1110 accuratissima
624 1046 738 1109 docent
759 1045 989 1129 experimenta3
1013 1044 1169 1128 idemque,
1193 1066 1210 1106 e
1232 1044 1353 1108 calculo

63 1153 226 1239 gravitatis
250 1175 418 1238 corporum
444 1152 617 1217 coelestium
643 1152 884 1236 comprobatum
919 1152 995 1236 quin
1020 1149 1204 1238 gravitatem
1229 1172 1353 1236 quoque

66 1261 154 1345 sequi
168 1260 324 1324 rationem
338 1260 478 1324 materiae
492 1260 634 1345 corporis
649 1257 756 1323 versvls
778 1258 863 1344 quod
886 1258 1040 1344 dirigitur,
1064 1279 1105 1320 ex
1119 1257 1274 1342 principio
1287 1280 1353 1320 me-

66 1383 190 1432 morato
210 1369 340 1454 aliisque
361 1368 551 1455 argumentis
576 1367 742 1455 colligitur.
790 1365 905 1431 Similis
928 1377 975 1428 est
996 1365 1075 1427 ratio
1095 1363 1226 1427 aliarum
1239 1364 1352 1426 viriurn

61 1499 135 1562 quae
156 1476 190 1538 in
212 1473 322 1540 naturai
338 1475 547 1539 dominantur.
593 1475 690 1539 Lucis
705 1473 784 1537 radii
799 1495 850 1536 ex.
866 1495 913 1560 gr.
929 1472 1029 1559 magis
1045 1470 1267 1558 refringuntur,
1291 1494 1352 1535 caa-

62 1584 136 1647 teris
158 1582 296 1667 paribus,
320 1580 383 1668 qud
405 1582 548 1645 densiora
563 1594 635 1645 sunt
649 1603 782 1666 corpora
796 1603 867 1666 quae
882 1580 1067 1644 subintrant.
1114 1579 1226 1642 Terrae
1247 1592 1352 1663 partes

62 1691 171 1757 verstis
193 1714 226 1756 se
247 1691 359 1756 mutud
380 1693 546 1779 gravitant,
570 1714 634 1755 non
656 1689 763 1755 versds
786 1692 862 1756 illud
883 1705 1035 1775 punctum
1051 1691 1160 1755 fictum
1175 1690 1259 1776 quod
1279 1713 1352 1754 oen-

61 1814 148 1863 trum
162 1798 274 1863 Terrae
292 1799 504 1883 appellamus3
527 1800 612 1886 quod
628 1798 699 1863 crim
714 1800 825 1863 rationi
848 1813 879 1863 et
899 1799 1050 1887 analogiae
1064 1811 1185 1862 naturae
1200 1799 1239 1861 sit
1253 1799 1352 1861 maxi-

60 1909 111 1972 me
134 1921 393 1985 consentaneum,
416 1920 483 1971 turn
509 1908 718 1992 pulcherrime
741 1909 942 1971 confirmatur
967 1907 1204 1970 accuratissimis
1230 1908 1352 1991 experi-

62 2015 177 2079 mentis
193 2037 266 2100 qnoe
289 2015 323 2077 in
337 2015 456 2080 boreali
472 2016 610 2102 Europae
623 2029 712 2101 parte
726 2039 828 2100 nuper
843 2017 1043 2079 instituerunt
1056 2017 1113 2078 viri
1132 2016 1292 2079 clarissimi
1312 2040 1352 2080 ex

64 2124 235 2190 Academia
259 2126 360 2214 Regis
384 2127 560 2191 Parisiens'a
607 2129 712 2192 Causa
732 2129 891 2215 gravitatis
914 2133 1132 2213 (quaecumque
1148 2128 1275 2193 demum
1297 2130 1350 2209 sit)

65 2236 126 2299 late
149 2236 349 2314 dominatur3
372 2236 506 2324 clamque
521 2240 560 2303 sit
575 2238 697 2302 diversa
718 2239 750 2300 in
765 2238 895 2301 diversis
910 2237 1073 2314 distantiis,
1096 2259 1159 2301 non
1174 2250 1222 2302 est
1235 2239 1351 2302 miran-

64 2346 151 2425 dum,
168 2350 235 2434 ejus
249 2350 312 2412 vim
327 2349 464 2433 pendere
479 2373 603 2436 quoque
619 2374 637 2414 a
651 2350 867 2438 magnitudine
880 2349 963 2413 illius
978 2351 1127 2434 corporis,
1144 2350 1251 2415 versus
1266 2352 1351 2439 quod

61 2453 121 2517 alia
142 2454 284 2539 impellit
331 2457 478 2520 Fatemur
496 2457 559 2519 vim
581 2458 663 2520 lianc
679 2459 804 2542 corpori
823 2457 951 2520 centrali
971 2456 1142 2540 improprie
1157 2459 1272 2534 tribui3
1295 2482 1351 2523 ex·

58 2565 147 2647 pedit
161 2565 289 2651 quidem
304 2565 463 2630 brevitatis
477 2567 576 2654 gratita
592 2569 637 2630 sic
651 2567 748 2653 loqui,
765 2567 798 2630 id
814 2579 916 2630 autem
932 2587 1024 2628 sensu
1039 2566 1170 2653 vulgari,
1192 2588 1257 2631 non
1277 2568 1350 2651 phi·

60 2677 221 2763 losophico
236 2691 284 2741 est
297 2678 544 2766 intelligendum.
934 2752 936 2758 ¹

103 2785 188 2849 Haec
203 2785 339 2849 breviter
354 2784 476 2849 tantum
492 2784 544 2848 hic
560 2786 749 2873 attingimus.
796 2784 966 2847 Newtonus
980 2782 1145 2869 postqurirn
1160 2783 1351 2850 definivisset

59 2894 121 2956 vim
145 2893 228 2958 Solis
252 2892 292 2955 ad
315 2916 409 2979 aquas
432 2893 606 2957 turbandus
629 2915 671 2955 ex
693 2891 867 2955 differentia
889 2890 1032 2954 diametri
1054 2893 1220 2976 aequatoris
1235 2905 1266 2956 et
1280 2895 1349 2957 axis

59 3000 169 3064 Terrae
192 3003 301 3086 (quam
322 3000 595 3085 approximatione
616 2999 750 3086 quidam
773 2998 828 3063 sual
854 2998 1106 3085 investigaverat)
1131 3022 1188 3084 per
1209 3002 1349 3088 regulam

58 3128 184 3169 auream
206 3105 319 3190 quaerit
340 3105 479 3168 breviter
500 3127 663 3170 ascensum
685 3128 775 3191 aqure
792 3127 833 3167 ex
854 3104 990 3169 vi‘Solis
1006 3104 1183 3168 oriundum.
1228 3107 1348 3172 Veriun

58 3216 198 3302 quamvis
214 3215 345 3278 elevatio
360 3237 460 3300 aquae,
477 3238 548 3300 quae
564 3215 608 3280 sic
622 3216 738 3301 prodit,
754 3238 864 3300 parum
881 3239 900 3278 a
913 3215 986 3279 verri
1002 3215 1133 3293 differat,
1157 3215 1229 3282 crim
1244 3229 1348 3284 tamen

59 3325 259 3390 Problemata
279 3326 349 3391 hrec
364 3326 427 3389 sint
441 3326 557 3390 diversi
576 3327 709 3413 generis,
734 3348 868 3412 quorum
887 3326 974 3411 prius
993 3326 1111 3411 pendet
1125 3351 1145 3390 a
1159 3327 1347 3412 quadratura

59 3436 173 3514 circuli,
195 3439 351 3522 posterius
371 3450 477 3500 autem
492 3461 511 3501 a
526 3436 714 3523 quadraturis
730 3437 912 3523 hyperbolae
928 3460 982 3502 seu
996 3437 1202 3526 lugarithmis,
1226 3451 1262 3501 ut
1274 3461 1347 3522 pos-

58 3545 105 3609 ted
125 3546 317 3624 videbimus;
341 3547 441 3631 sitque
464 3547 628 3611 dubitandi
650 3547 736 3611 locus
758 3568 800 3610 an
821 3571 840 3610 a
859 3548 957 3631 priori
973 3548 1013 3611 ad
1026 3550 1231 3633 posteriorem
1246 3549 1347 3612 eleva-

58 3651 171 3717 tionem
186 3652 468 3731 determinandam,
485 3655 632 3717 transitus
647 3653 726 3717 aded
740 3654 842 3717 brevis
859 3655 898 3717 sit
913 3657 998 3718 omni
1014 3677 1053 3718 ex
1067 3667 1156 3740 parte
1177 3657 1344 3743 legitimus,

57 3759 106 3822 vel
125 3761 221 3824 etiam
236 3783 277 3823 an
292 3760 461 3825 methodus
482 3760 543 3846 quai
565 3761 700 3848 figuram
716 3759 828 3825 Terrae
845 3761 1028 3826 definiverat
1042 3763 1081 3824 sit
1095 3763 1168 3825 satis
1184 3776 1327 3827 accurata
1335 3789 1344 3840 ;

55 3865 187 3955 cquue
202 3869 283 3933 vires
300 3869 510 3933 subtilissimae
525 3883 646 3932 motum
660 3869 755 3931 maris
775 3870 962 3954 producant,
978 3891 1049 3953 quae
1064 3869 1167 3932 nullos
1183 3869 1259 3933 alios
1275 3893 1345 3934 sen-

52 3974 156 4041 sibiles
177 3977 277 4043 edunt
298 3978 436 4056 effectus,
462 3977 541 4041 adeb
564 3993 599 4042 ut
622 3978 776 4042 levissima
791 4001 923 4064 quaeque
937 3980 969 4040 in
986 3977 1044 4041 hac
1059 3978 1274 4064 disquisitione
1288 3982 1344 4044 ali·

57 4082 140 4165 cujus
163 4086 315 4149 momenti
339 4107 404 4148 esse
425 4085 566 4169 possint;
596 4099 763 4170 propterea
785 4086 958 4148 existimavi
983 4107 1034 4149 me
1058 4085 1212 4150 facturum
1234 4109 1342 4172 operae

55 4193 205 4270 pretium,
230 4194 257 4257 si
278 4193 371 4257 aliam
393 4194 547 4277 aperirem
561 4195 643 4257 viam
659 4194 719 4278 quai
735 4193 871 4257 calculus
886 4195 919 4255 in
934 4193 1019 4257 hisce
1036 4195 1286 4262 Problematibns
1301 4221 1341 4263 ex

65 4306 196 4384 genuinis
211 4306 374 4391 principiis
389 4304 618 4370 accuratissime
634 4305 751 4369 institui
765 4306 888 4388 poterit.

104 4408 281 4498 Repetenda
302 4413 457 4497 imprimis
479 4427 552 4477 sunt
573 4436 673 4498 pauca
695 4435 735 4476 ex
760 4412 924 4488 Newtono,
952 4425 1060 4496 postea
1081 4413 1162 4476 viam
1186 4414 1339 4481 diversam

73 4531 224 4601 sequemur.
275 4521 323 4586 Sit
347 4521 375 4585 L
400 4522 502 4598 Luna,
527 4521 558 4584 T
581 4535 722 4585 centrum
746 4519 867 4596 Terrae,
896 4520 960 4585 Bb
986 4521 1115 4604 planum
1142 4535 1235 4587 rectae
1258 4524 1288 4588 L
1308 4526 1340 4589 T

96 4697 122 4760 (¹)
134 4705 247 4766 suspirari
258 4706 313 4753 licet
324 4705 426 4767 aliquam
437 4705 578 4768 obliquitatis
588 4705 676 4765 eclipti-
708 4704 778 4752 oriri:
797 4704 884 4752 indicio
895 4705 937 4751 erit
949 4706 1009 4752 banc
1020 4720 1070 4752 ease
1080 4707 1226 4766 phaenomeni
1235 4724 1335 4760 causam.

74 4771 98 4804 (Ι
106 4768 251 4826 vuasonem
265 4769 295 4816 de
310 4769 358 4832 qua
369 4786 445 4816 sermo
456 4781 490 4816 est
501 4770 564 4830 apud
575 4781 677 4816 munnu-
709 4769 728 4815 ai
748 4769 875 4816 constiterit
893 4768 957 4815 illam
974 4770 1124 4818 variationem
1141 4772 1273 4835 analogiam
1289 4789 1336 4819 scr-

74 4834 115 4882 m.
133 4848 158 4879 ea
179 4845 245 4882 motu
268 4833 327 4882 Solis
345 4834 405 4881 eirca
425 4845 530 4881 centrum
549 4834 678 4894 systematis
710 4848 762 4880 vare
773 4848 827 4880 curn
838 4844 904 4882 matu
916 4833 982 4882 Jovis
992 4834 1138 4894 planetarum
1148 4838 1252 4886 maximi.
