3330 5692
201 559 274 623 Car.
293 559 380 637 Ill.]
578 560 644 626 AD
668 562 1114 663 TERTIUMLIBRUM.
1412 573 1492 636 xxxi

194 735 263 798 duae
285 734 387 798 stellae
409 733 483 798 fixae
504 756 638 820 quarunt
657 737 808 804 distantia
830 762 985 825 apparens
1003 742 1035 805 in
1056 742 1183 807 minutis
1204 744 1350 809 secundis
1364 745 1491 812 aliunde

192 861 264 909 nota
285 848 335 923 sit,
360 847 424 911 sint
443 848 474 909 in
497 847 551 911 iilo
573 850 773 914 transversali
797 850 828 915 K
845 851 885 927 L,
902 851 1014 935 positae
1029 866 1231 940 verseturque
1245 854 1374 920 cochlea
1388 856 1491 922 donec

192 957 278 1020 iilum
300 959 419 1023 mobile
440 958 462 1021 h
487 960 526 1037 L,
549 982 607 1044 per
628 976 771 1026 centrum
794 985 825 1039 x,
850 963 948 1026 stellae
972 963 1064 1026 unius
1079 978 1226 1039 transeat,
1249 965 1376 1030 alterius
1391 968 1491 1032 stellae

189 1080 298 1130 centro
323 1088 366 1138 m,
393 1066 442 1130 vel
466 1089 498 1143 n,
525 1068 680 1133 existente
703 1070 734 1132 in
758 1069 820 1133 alio
837 1070 929 1133 iiloa
952 1070 983 1146 b,
1002 1071 1051 1134 vel
1067 1094 1085 1135 c
1100 1072 1131 1136 cl.
1180 1072 1256 1136 Hic
1270 1073 1489 1141 observatione

190 1192 297 1241 notum
313 1178 374 1242 erit
389 1179 513 1242 cuinam
528 1179 686 1244 distantia
701 1180 865 1264 apparenti
882 1181 1069 1265 respondeat
1085 1181 1250 1269 longitudo
1265 1205 1295 1245 nr
1309 1205 1341 1259 x,
1358 1185 1407 1248 vel
1423 1207 1443 1248 n
1455 1208 1488 1263 x,

189 1284 218 1347 in
234 1284 329 1349 lineis
345 1300 377 1349 et
393 1286 484 1350 lineae
498 1288 641 1372 partibus
662 1288 745 1365 data,
768 1306 799 1352 et
815 1288 888 1353 indi
904 1311 961 1373 per
976 1291 1190 1374 proportionis
1208 1293 1358 1379 regulam,
1383 1294 1490 1358 obser·

188 1396 256 1460 vati
281 1396 421 1483 quilibet
442 1397 503 1462 aliia
526 1398 663 1464 siderum
688 1399 837 1463 distantia
860 1421 881 1462 n
904 1423 936 1486 q,
960 1399 1087 1465 dabitur
1108 1401 1243 1488 angulus
1267 1402 1326 1465 sub
1341 1425 1406 1488 quo
1421 1402 1490 1468 haec

189 1503 336 1568 distantia
358 1505 445 1568 nudo
467 1506 561 1570 oculo
581 1507 749 1584 videretur,
767 1506 930 1571 inserendo
945 1509 1008 1572 sic:
1032 1523 1067 1572 ut
1082 1531 1113 1571 ιιι
1128 1531 1149 1571 x
1166 1508 1214 1573 vel
1230 1532 1251 1573 ιι
1267 1532 1289 1572 x
1305 1509 1345 1573 acl
1362 1533 1382 1573 n
1398 1534 1429 1597 q,
1447 1510 1490 1576 itai

188 1615 335 1680 distantia
356 1640 512 1702 apparens
535 1619 696 1683 stellarum
719 1619 852 1682 ‹lrurrnm
875 1641 917 1696 m,
939 1619 986 1682 vel
1004 1641 1035 1696 n,
1054 1633 1085 1682 et
1099 1641 1121 1681 x
1137 1619 1178 1682 ad
1194 1617 1376 1683 distantiam
1391 1643 1487 1706 appa·

188 1737 307 1787 rentem
323 1740 513 1809 punctorum
525 1749 546 1789 n
562 1739 593 1791 et
608 1751 639 1813 q.
687 1726 857 1790 Moventur
868 1728 934 1812 jam
950 1727 1105 1813 quadrum
1124 1727 1152 1791 E
1166 1727 1192 1791 F
1206 1731 1241 1799 H
1258 1729 1288 1796 G
1302 1751 1362 1812 ope
1379 1753 1488 1817 recep·

189 1831 282 1894 taculi
297 1833 394 1895 striati
411 1832 513 1898 donec
529 1834 617 1897 lilum
633 1836 698 1920 ejus
714 1835 876 1900 sericumh
888 1832 1043 1909 L,exactd
1054 1836 1220 1898 conveniat
1235 1836 1362 1902 cuilibet
1373 1860 1413 1901 ex
1427 1839 1487 1902 fitis

188 1942 344 2024 parallelis
365 1944 494 2008 alterius
516 1945 639 2031 quadri,
663 1959 850 2031 noteturque
872 1945 987 2028 positio
1008 1943 1220 2036 auricularum
1246 1948 1433 2030 receptaculi
1456 1964 1488 2013 et

190 2052 299 2117 iterum
314 2068 478 2121 moveatur
499 2055 729 2141 receptaculum
746 2055 848 2120 donec
862 2055 946 2119 idern
962 2054 1051 2119 iilum
1067 2053 1178 2140 quadri
1196 2053 1224 2117 E
1239 2054 1265 2118 F
1280 2054 1317 2120 H
1330 2052 1364 2118 G
1379 2060 1488 2141 proxi·

187 2182 237 2224 nro
248 2161 304 2225 iilo
315 2162 443 2227 alterius
455 2178 619 2252 congruat,
631 2164 690 2241 vel,
703 2163 790 2250 quod
805 2162 888 2227 idem
900 2173 957 2239 est,
970 2176 1133 2225 moveatur
1144 2161 1299 2246 quadrum
1313 2162 1341 2227 E
1355 2164 1381 2227 F
1394 2167 1434 2231 H
1445 2167 1488 2250 G,

186 2292 240 2354 per
254 2273 393 2357 spatium
410 2288 544 2359 quatuor
558 2274 723 2351 linearum,
739 2287 1007 2358 numerenturque
1029 2272 1238 2337 revolutiones
1254 2274 1440 2358 receptaculi
1455 2289 1488 2339 et

186 2393 288 2463 partes
312 2381 406 2444 unius
430 2381 635 2445 revolutionis
657 2404 729 2468 quae
751 2381 878 2445 filorum
900 2379 1065 2444 intervallo
1086 2379 1239 2445 linearum
1255 2396 1390 2467 quatuor
1411 2383 1485 2447 con-

186 2493 322 2556 veniunt
372 2492 539 2557 Condatur
560 2492 688 2557 tandem
711 2492 819 2556 tabula
840 2490 1071 2556 revolutionum
1094 2491 1282 2576 receptaculi
1304 2507 1336 2556 et
1350 2492 1486 2576 partitam

185 2601 247 2684 ejus
270 2624 345 2687 quae
367 2601 500 2689 singulis
522 2601 652 2665 minutis
666 2600 777 2685 primis
793 2612 825 2664 et
839 2597 986 2664 secundis
1002 2621 1042 2662 ex
1058 2613 1135 2662 noto
1149 2596 1293 2683 superitis
1308 2613 1375 2664 toto
1391 2600 1487 2666 inter-

186 2708 264 2772 vallo
279 2709 447 2773 debentur.
698 2782 701 2788 ¹

224 2827 276 2882 88.
301 2817 371 2886 Ubi
394 2818 546 2882 diameter
566 2818 765 2903 planetarum
787 2816 848 2880 erit
868 2815 1076 2892 observanda,
1092 2814 1213 2878 directo
1228 2815 1397 2899 telescopio
1412 2838 1484 2879 euru

184 2924 384 2990 micrometro
410 2925 450 2990 ad
475 2926 635 3012 planetam
660 2925 705 2990 ita
726 2925 934 3010 disponantur
956 2923 1010 2987 fila
1035 2921 1194 2986 movendo
1220 2923 1423 3008 telescopium
1451 2940 1486 2989 ut

185 3035 293 3100 sideris
316 3037 434 3102 limbus
461 3060 560 3102 unum
585 3060 625 3101 ex
648 3035 709 3099 filis
735 3033 892 3118 parallelis
914 3031 1129 3097 immobilibus
1154 3047 1336 3117 percurrat3
1369 3033 1484 3098 deindc'·

184 3145 413 3230 receptaculum
437 3158 645 3221 convertatur,
670 3143 772 3207 donec
794 3141 884 3205 iilum
906 3141 1031 3206 mobile'
1041 3139 1173 3204 limbum
1188 3140 1320 3204 alterum
1347 3140 1483 3227 planeta

184 3253 352 3341 contingat
414 3252 620 3317 Manifestum
647 3265 694 3316 est
720 3273 760 3315 ex
782 3248 930 3314 distantiis
952 3247 1078 3338 cogniti
1102 3248 1185 3313 inter
1211 3248 1266 3313 iila
1291 3249 1483 3316 micrometri

184 3383 250 3447 quae
275 3361 435 3446 planetam
461 3359 744 3446 comprehendunt,
775 3371 883 3422 notam
907 3357 975 3422 fieri
1006 3357 1144 3442 planetae
1170 3356 1357 3423 diametrum
1384 3381 1482 3444 appa·

184 3485 311 3536 rentem.
1147 3544 1154 3558 .

225 3589 277 3643 39.
302 3579 389 3645 Daui
413 3578 622 3643 declinatione
644 3589 677 3642 et
699 3577 881 3641 ascensione
903 3575 988 3640 recti
1005 3575 1104 3640 stellae
1120 3576 1204 3654 fixae,
1225 3577 1356 3640 inveniri
1379 3590 1482 3662 potest

182 3684 307 3750 alterius
331 3686 431 3751 stellae
452 3685 621 3751 declinatio
641 3697 674 3750 et
696 3685 838 3749 ascensio
859 3697 956 3762 recta,
979 3684 1077 3749 modo
1092 3699 1196 3749 tamen
1212 3684 1285 3748 ‹luoe
1307 3685 1368 3749 ittae
1383 3684 1483 3750 stelloe

180 3797 312 3860 transire
329 3797 464 3861 vicissim
479 3797 601 3881 possint
614 3819 672 3882 per
687 3816 835 3879 campum
851 3793 1012 3880 telescopii
1029 3794 1159 3858 immoti.
1211 3793 1260 3858 lui
1276 3795 1358 3858 enim
1374 3795 1482 3881 ‹lispo-

181 3919 294 3970 nantur
316 3903 371 3967 iila
392 3903 543 3990 parallela
564 3904 758 3968 micrometri
786 3918 821 3967 ut
846 3915 951 3967 motus
976 3901 1109 3967 diurnus
1130 3902 1229 3967 stelloe
1254 3925 1326 3988 quc
1348 3904 1479 3970 alteram

181 4015 331 4096 praecedit
346 4014 401 4079 fiat
416 4037 511 4100 super
527 4037 626 4079 unum
641 4037 682 4078 ex
698 4013 759 4077 illis
779 4012 865 4078 EG.
912 4013 1016 4098 Super
1031 4013 1092 4090 ab,
1110 4013 1141 4076 iu
1157 4035 1221 4098 quo
1236 4013 1296 4077 situ
1315 4013 1402 4078 iilum
1418 4015 1479 4093 cd,

182 4136 318 4207 exponet
332 4123 511 4207 portionem
533 4122 681 4210 exiguam
703 4119 844 4206 paralleli
859 4142 952 4207 quem
968 4119 1057 4184 stella
1073 4120 1231 4199 describit,
1248 4135 1280 4185 et
1295 4121 1381 4185 iilum
1402 4122 1433 4187 K
1452 4124 1480 4188 L

181 4230 256 4296 illud
287 4232 330 4297 ad
359 4232 493 4320 angulos
528 4245 632 4296 rectos
661 4229 862 4308 intersecans,
901 4230 1053 4294 circulum
1087 4228 1222 4315 aliquem
1252 4228 1480 4296 declinationis.

182 4338 318 4406 Notatur
355 4341 507 4426 temporis
543 4328 738 4403 momentum
769 4360 832 4423 quo
862 4337 952 4401 stella
980 4336 1178 4426 praecedens.
1196 4337 1252 4402 filo
1281 4340 1480 4404 transversali

180 4451 316 4514 occurrit
338 4449 371 4513 in
393 4472 436 4512 m.
484 4447 635 4513 Similiter
656 4446 788 4510 immoto
808 4445 979 4530 telescopio
993 4444 1176 4508 observetur
1191 4458 1314 4531 tempus
1330 4447 1480 4531 appulsis

181 4560 305 4625 alterius
330 4582 388 4624 seu
412 4558 571 4646 sequentis
593 4557 705 4622 sideris
732 4556 773 4620 ad
796 4555 880 4620 idem
903 4555 992 4620 iilum
1015 4556 1220 4623 transversale
1246 4580 1301 4622 seu
1327 4559 1481 4624 circulum

181 4669 407 4746 declinationis,
437 4681 471 4732 et
496 4669 522 4732 si
549 4664 669 4732 interea
694 4665 784 4729 lilu‘m
810 4663 995 4750 parallelum
1021 4664 1137 4728 mobile
1163 4663 1184 4727 lr
1214 4665 1253 4744 L,
1281 4665 1375 4729 sideri
1407 4664 1481 4729 huic

183 4793 316 4865 aptetur,
340 4779 477 4842 immoto
498 4789 646 4841 manente
668 4775 869 4837 micrometro
890 4793 951 4856 ope
973 4771 1129 4836 ‹listnutiae
1144 4795 1174 4836 m
1191 4795 1222 4851 x,
1240 4772 1364 4837 filorum
1381 4796 1397 4837 a
1414 4774 1435 4837 b
1450 4790 1479 4839 et
