3330 5692
60 554 175 619 Lrnne
189 552 374 633 Turturum]
421 554 664 622 PRINCIPIA
689 559 1061 630 MATHEMATICA.
1311 580 1351 636 28

59 749 155 790 mune
176 728 341 815 gravitatis
357 740 500 792 centrum
523 730 738 794 revolvantur:
762 747 908 798 manente
930 736 1000 825 lege
1021 740 1190 826 gravitatis,
1206 742 1352 809 distantia

60 848 241 899 neutrorum
257 835 360 899 Lunae
375 856 413 900 ac
427 835 539 900 Terre
553 836 741 902 abinvicem
761 841 820 902 erit
842 846 905 922 60}
922 845 1222 913 semidiametrorum
1238 864 1351 916 terres·

61 944 154 1008 trium
177 944 320 1020 circiter;
347 946 392 1008 uti
418 944 682 1029 computationem
707 947 825 1011 ineunti
848 950 976 1033 patebit.
1023 954 1223 1039 Computatio
1245 974 1349 1025 autem

61 1060 131 1125 iniri
144 1072 253 1146 potest
266 1061 324 1145 per
339 1060 436 1146 Prop.
453 1058 529 1124 LX.
548 1059 619 1123 Lib.
636 1060 662 1123 I.

624 1317 779 1380 Scholium.

98 1533 342 1600 Demonstratio
352 1528 583 1617 Propositionis
597 1534 642 1598 sic
656 1532 754 1598 fusius
769 1533 920 1618 explicari
933 1547 1047 1621 potest.
1078 1535 1113 1601 Si
1128 1537 1230 1602 Lunae
1242 1540 1348 1623 plures

59 1643 175 1727 aucum
200 1640 335 1706 Terram
361 1640 604 1718 revolverentur,
632 1641 763 1725 perinde
790 1654 826 1705 ut
850 1640 887 1704 fit
909 1642 942 1705 in
964 1655 1130 1728 systemate
1153 1645 1279 1710 Saturni
1298 1647 1348 1710 vel

58 1750 163 1826 loris3
184 1747 299 1814 harum
321 1760 464 1832 tempora
484 1747 645 1832 periodica
667 1751 737 1832 (per
752 1761 971 1834 argumentum
985 1750 1187 1831 inductionis)
1203 1752 1348 1818 observa-

59 1871 129 1923 rent
152 1858 256 1947 legem
278 1857 476 1942 planetarum
501 1880 519 1920 a
545 1856 687 1942 Keplero
708 1858 871 1935 detectam,
895 1872 928 1923 et
947 1873 1115 1945 propterea
1136 1860 1249 1926 harum
1268 1864 1348 1928 vires

59 1966 239 2051 centripetae
253 1963 357 2028 forent
371 1963 530 2048 reciproce
545 1978 580 2029 ut
595 1965 747 2051 quadrata
761 1965 978 2030 distantiarum
993 1990 1012 2031 a
1027 1982 1136 2032 centro
1152 1968 1274 2048 Terroe,
1290 1993 1348 2056 per

60 2073 156 2158 Prop
173 2071 200 2137 l.
214 2071 318 2157 hujus.
363 2070 407 2136 Et
423 2072 450 2134 si
471 2093 579 2135 earum
594 2071 704 2135 infima
717 2086 799 2136 esset
811 2095 921 2158 parva,
937 2088 969 2139 et
982 2076 1113 2140 vertices
1128 2076 1349 2143 altissimorum

58 2181 212 2246 montium
233 2201 334 2266 prope
355 2192 514 2267 tangeret:
536 2178 631 2264 hujus
653 2180 699 2243 vis
721 2181 894 2264 centripeta
915 2181 976 2267 qui
1000 2182 1185 2247 retineretur
1206 2185 1239 2247 in
1261 2185 1347 2262 orbe,

57 2291 227 2378 gravitates
248 2311 418 2375 corporum
440 2289 473 2352 in
496 2289 662 2354 verticibus
682 2288 809 2353 illomm
830 2292 985 2355 montium
1001 2297 1071 2377 (per
1085 2295 1348 2379 computationem

57 2398 304 2485 precedentem)
327 2411 467 2482 oequaret
489 2397 737 2483 quamproxime,
762 2399 959 2486 efficeretque
985 2414 1020 2490 ut
1044 2401 1154 2467 eadem
1182 2403 1299 2480 lunula,
1323 2404 1349 2466 si

58 2522 143 2572 motu
171 2507 261 2571 omni
286 2527 349 2591 quo
373 2505 478 2592 pergit
502 2505 536 2568 in
563 2505 639 2568 orbe
662 2528 720 2569 suo
740 2507 926 2590 privaretur,
950 2507 1073 2573 defectu
1095 2512 1141 2574 vis
1167 2510 1349 2597 centrifugae

58 2615 115 2702 quai
130 2616 166 2678 in
181 2615 261 2679 orbe
275 2625 499 2698 permanserat,
511 2612 715 2680 descenderet
725 2614 758 2677 in
769 2615 914 2694 Terram,
926 2617 1020 2703 idque
1031 2618 1141 2683 eidem
1153 2642 1224 2684 cum
1236 2619 1350 2684 veloci-

60 2737 119 2788 tate
141 2720 205 2810 qui
228 2722 338 2810 gravia
352 2721 469 2785 cadunt
491 2721 523 2785 in
545 2720 671 2785 illorum
685 2722 839 2786 montium
854 2725 1030 2803 verticibus,
1046 2741 1175 2811 propter
1189 2727 1349 2813 equalita-

60 2847 118 2898 tem
143 2832 261 2896 virium
287 2830 401 2917 quibus
426 2829 627 2895 descendunt.
682 2829 725 2896 Et
750 2832 776 2895 si
801 2831 848 2895 vis
872 2831 926 2895 illa
952 2832 1013 2917 qud
1040 2833 1148 2897 lunula
1166 2834 1220 2898 illa
1241 2835 1350 2897 infima

60 2941 231 3018 descendit,
255 2939 379 3004 diversa
400 2951 482 3004 esset
502 2962 522 3002 a
541 2939 704 3026 gravitate,
728 2954 760 3004 et
778 2940 887 3004 lunula
907 2941 960 3005 illa
982 2941 1076 3006 etiam
1095 2944 1200 3030 gravis
1214 2958 1296 3009 esset
1315 2947 1349 3009 in

62 3049 194 3114 Terram
217 3068 307 3112 more
321 3068 490 3131 corporum
505 3047 537 3109 in
549 3045 715 3110 verticibus
729 3047 893 3124 montium,
918 3048 1026 3112 eadem
1048 3049 1157 3113 lunula
1172 3051 1202 3113 vi
1216 3050 1349 3139 utrique

61 3154 225 3242 conjuncti
241 3154 340 3239 duplo
354 3153 492 3219 velocius
507 3152 721 3217 descenderet.
768 3153 877 3230 Quare
892 3153 964 3218 crim
979 3156 1059 3220 vires
1074 3169 1224 3243 utraeque,
1248 3175 1279 3224 et
1298 3161 1349 3224 hae

65 3288 234 3355 corporum
254 3265 408 3352 gravium,
432 3275 465 3328 et
486 3263 550 3327 illae
571 3263 745 3340 Lanarum,
761 3277 903 3329 oentmm
918 3266 1029 3330 Terrae
1043 3267 1219 3352 respiciant,
1236 3282 1268 3332 et
1288 3272 1349 3334 sint

62 3379 139 3442 inter
153 3399 188 3440 se
202 3374 319 3440 similes
335 3385 368 3436 et
381 3372 528 3458 aequales,
544 3371 664 3436 eoedem
687 3376 757 3456 (per
773 3372 854 3459 Reg.
868 3382 897 3438 l.
909 3384 941 3437 et
957 3373 1020 3453 11.)
1043 3373 1174 3439 eandem
1188 3375 1349 3441 habebunt

63 3505 194 3549 musam.
242 3479 286 3547 Et
306 3492 475 3564 propterea
498 3477 544 3541 vis
566 3477 629 3554 illa,
653 3477 715 3562 qui
732 3476 826 3541 Luna
840 3479 991 3542 retinetur
1006 3480 1039 3541 in
1054 3480 1131 3543 orbe
1145 3503 1213 3557 suo,
1230 3503 1267 3545 ea
1281 3482 1349 3565 ipsa

64 3591 118 3655 erit
138 3609 235 3677 quam
257 3608 314 3650 nos
337 3584 522 3672 gravitatem
543 3583 647 3647 dicere
670 3582 823 3649 solemus:
849 3585 944 3671 idque
966 3585 1101 3650 maxime
1123 3609 1164 3651 ne
1186 3587 1293 3652 lunula
1315 3591 1348 3652 in

63 3699 173 3762 vertice
187 3695 303 3758 montis
318 3692 368 3755 vel
382 3692 533 3778 gravitate
548 3704 661 3767 careat,
677 3689 726 3753 vel
741 3689 839 3776 duplo
853 3693 989 3757 velocius
1004 3693 1095 3758 cadat
1108 3693 1202 3780 quam
1217 3717 1348 3781 corpora

64 3808 166 3894 grevia
179 3804 283 3870 solent
297 3801 417 3866 cadere.

63 3987 108 4053 qud
121 3988 193 4038 aldus
207 3997 244 4036 eet
258 3987 329 4048 rupti
347 3988 443 4035 Terram
460 3994 574 4046 punctum
588 3984 647 4033 illud
658 4001 686 4034 ea
719 3985 893 4037 inmocirculo
903 3987 1015 4047 percurrit
1024 3998 1058 4035 eet
1068 3993 1076 4035 1
1085 3987 1215 4057 1¹¹sijurra
1225 3989 1344 4037 Tellurem

63 4070 108 4129 pue
121 4069 193 4129 prave
208 4051 336 4129 projicitur,
347 4051 377 4100 eo
388 4051 473 4098 minori
483 4064 543 4110 opur
553 4058 589 4096 ert
599 4049 622 4096 vi
633 4065 684 4129 pro:
718 4053 814 4102 accedat
824 4061 849 4099 et
859 4050 942 4099 eidem
953 4052 1070 4100 celeriute
1084 4063 1211 4110 moveatur,
1228 4055 1268 4101 ille
1278 4070 1346 4102 arcus

59 4117 687 4244 ffiflffiwssfflffiffffamffi
718 4157 761 4203 erit
774 4153 824 4212 11';
840 4153 906 4201 ainus
921 4169 1000 4201 versus
1015 4169 1083 4200 arcus
1099 4154 1135 4201 ll‘
1148 4164 1183 4201 eat
1201 4124 1347 4241 ιααῗὲωο

63 4261 102 4307 ru
111 4248 159 4293 vim
169 4246 313 4310 manem
327 4246 439 4305 imam
448 4239 593 4291 «1⁸1an
604 4251 631 4288 υτ
640 4241 687 4289 di*
719 4258 785 4311 ratu
812 4256 924 4304 unua
934 4255 1119 4316 umatum
1131 4257 1345 4306 renumerata.

63 4311 141 4387 Q
159 4327 181 4357 V·
199 4325 235 4386 gf·
273 4309 299 4420 ξ’
318 4309 389 4418 lup!
406 4307 489 4384 &⁰¹¹¹
508 4305 623 4417 {lewe
641 4305 689 4368 ‘1¹¹3
721 4274 813 4370 rosilli
823 4336 902 4367 venua
912 4321 1104 4395 ffllffmssflllm
1115 4320 1212 4396 circiter.
1224 4321 1265 4368 aad
1275 4337 1345 4395 greve

62 4503 121 4554 ἀπὶ
143 4502 266 4616 ξίάιω
287 4499 531 4614 mTfflma‘fflffi
545 4507 688 4610 Ἣᾙ
719 4529 773 4592 ped
810 4528 881 4576 Unde
891 4527 968 4601 ‘Luna
983 4526 1007 4572 in
1021 4527 1109 4602 circulo
1122 4544 1166 4576 auo
1177 4498 1224 4575 ndu
1234 4529 1344 4605 manebit,

63 4572 338 4694 &2⁶3¹ssss
352 4580 439 4676 nm:
449 4638 509 4676 m
518 4574 590 4674 „im
650 4641 688 4672 am
719 4591 1083 4714 :cdupodn'ggbppppuffiemm
1099 4602 1221 4656 rmpegent
1230 4608 1301 4657 quam
1313 4599 1345 4640 ‘20

63 4710 125 4747 near
135 4713 206 4762 quem
220 4697 292 4746 Luna
303 4701 336 4743 20
346 4693 462 4756 euopolis
473 4690 581 4740 secundia
592 4690 688 4738 horariis
