3330 5692
459 546 648 615 FLUXUS
672 552 732 617 AC
757 552 1010 622 REFLUXUS
1032 556 1190 623 MARIS.
1393 570 1458 643 ,825

178 723 323 788 transitui
344 723 446 788 Luuae
466 745 524 809 per
544 724 751 790 meridianum
772 741 819 791 est
839 727 1023 793 tribuendus
1044 729 1098 814 qui
1120 728 1229 792 eodem
1252 742 1391 814 tempore
1413 733 1458 813 fit,

179 833 237 896 sed
264 833 460 918 praecedenti,
492 836 597 919 prouti
626 837 797 901 successiva
825 838 1042 902 retardationis
1071 838 1262 903 incrementa
1291 840 1332 903 ad
1354 841 1460 905 littora

178 939 294 1004 Galliae
314 952 346 1005 et
368 940 470 1028 Belgii
484 941 620 1006 borealia
636 943 862 1008 evidentissime
885 958 1048 1009 testantur.
1093 933 1201 1020 Quare
1216 947 1242 1008 si
1257 946 1344 1011 verbi
1358 950 1459 1035 gratiis

176 1050 382 1136 Dunkerquoe
393 1053 462 1137 quis
473 1051 652 1138 hujusmodi
666 1054 898 1119 observationes
907 1055 1099 1138 perlustrare
1111 1053 1252 1132 voluerit,
1268 1055 1294 1118 is
1306 1078 1460 1142 quemque

172 1159 296 1223 fluxum
309 1181 375 1223 nou
389 1183 462 1224 cum
475 1163 606 1226 trarrsinr
629 1163 731 1227 Lunae
751 1185 809 1248 per
823 1163 1027 1227 meridianum
1049 1163 1196 1247 proximo
1211 1179 1380 1248 comparet,
1404 1168 1460 1232 sed

173 1290 247 1331 cum
260 1290 300 1332 eo
317 1269 372 1353 qui
386 1270 612 1353 propemodum
631 1281 670 1335 12
691 1272 776 1337 horis
791 1274 863 1338 ante
878 1275 1029 1362 contigit3
1052 1275 1190 1358 alioquin
1205 1275 1289 1338 enim
1304 1268 1460 1341 contraria

173 1376 383 1460 phaenomena
396 1392 477 1443 esset
491 1379 754 1464 deprehensurus.

215 1490 241 1566 1.
259 1493 331 1549 108.
359 1486 550 1551 Commodus
572 1486 624 1552 hic
646 1491 736 1554 nobis
758 1491 916 1575 praebetur
938 1490 1025 1554 locus
1047 1489 1226 1574 explicandi
1250 1491 1415 1557 transitum
1439 1519 1457 1558 a

172 1593 255 1657 binis
276 1593 425 1676 artubus,
448 1595 501 1684 qui
523 1597 660 1685 quotidie
675 1598 708 1661 in
722 1598 902 1684 regionibus
917 1611 1005 1661 extra
1020 1596 1151 1660 circulos
1166 1596 1288 1681 polares
1304 1598 1369 1663 sitis
1385 1622 1456 1678 eve·

171 1703 273 1782 niunt,
296 1704 338 1769 ad
359 1705 497 1793 singulos
519 1720 622 1784 astus,
644 1706 700 1792 qui
722 1703 893 1769 secundrim
907 1704 1061 1769 theoriam
1075 1716 1213 1767 nostram
1229 1703 1261 1766 in
1277 1700 1457 1792 regionibus

171 1815 333 1900 polaribus
348 1821 528 1907 contingere
541 1820 665 1884 debent.
711 1819 871 1895 Quoniam
886 1821 969 1883 enirn
983 1819 1105 1881 theoria
1119 1831 1226 1881 nostra
1240 1832 1402 1896 monstrat,
1424 1824 1457 1885 iu

170 1925 260 1989 zonis
274 1929 451 2010 temperatis
466 1942 497 1991 et
511 1929 628 1993 torridi
644 1929 783 2015 quotidie
798 1929 877 1993 duos
891 1929 995 1993 fluxus
1010 1930 1168 1994 observari
1183 1931 1306 2009 debere,
1323 1932 1355 1994 in
1371 1934 1457 1995 zonis

168 2032 294 2121 frigidis
315 2049 418 2098 autem
440 2059 536 2100 unum
558 2050 689 2112 tantum,
714 2037 855 2101 transitio
877 2036 1038 2101 subitanee
1060 2060 1079 2100 a
1099 2038 1222 2102 binario
1245 2038 1285 2102 ad
1307 2045 1457 2102 unitatem

170 2142 309 2206 maxime
329 2145 478 2210 mirabilis
501 2171 537 2211 ac
558 2148 718 2232 paradoxa
740 2147 839 2211 videri
860 2161 973 2231 posset.
1004 2215 1005 2218 ,
1031 2150 1093 2213 Sed
1114 2151 1196 2235 quia,
1219 2153 1246 2215 si
1266 2153 1369 2214 fluxus
1389 2149 1456 2213 bini

172 2250 339 2314 successivi
360 2250 440 2314 inter
462 2274 495 2314 se
517 2265 590 2315 sunt
611 2253 789 2338 inaequales,
812 2253 950 2316 refluxus
973 2276 1062 2339 aquae
1078 2277 1132 2317 seu
1148 2256 1283 2319 maxima
1298 2254 1458 2340 depressio

170 2358 271 2431 fluxui
291 2360 405 2423 minori
427 2374 475 2424 est
496 2361 633 2439 vicinior,
658 2361 721 2424 bini
736 2375 829 2425 aestus
844 2384 968 2446 quoquc
984 2363 1147 2425 successivi
1171 2364 1290 2426 ratione
1306 2365 1456 2446 temporis

170 2469 253 2533 inter
267 2492 301 2533 se
316 2484 409 2534 erunt
423 2471 599 2556 inaequales,
623 2472 648 2534 si
668 2471 794 2557 quidem
809 2493 884 2533 voce
899 2470 991 2534 aestirs
1008 2470 1215 2558 intelligamus
1231 2483 1349 2532 motum
1367 2491 1456 2551 aquae

169 2601 190 2643 a
214 2578 337 2643 summa
362 2579 532 2644 elevatione
557 2580 597 2643 ad
620 2582 714 2644 imam
737 2580 969 2663 depressionem
993 2603 1101 2664 usque,
1127 2602 1164 2642 ac
1189 2577 1335 2641 vicissim.
1382 2576 1456 2651 Qun

169 2688 271 2775 magis
285 2690 391 2774 itaque
405 2689 446 2753 ab
459 2704 616 2777 aequatore
627 2688 734 2754 versus
749 2689 838 2774 polos
854 2688 1027 2766 recedatur,
1041 2687 1079 2751 ed
1095 2689 1193 2773 major
1204 2683 1456 2768 deprehendetur

170 2794 253 2859 inter
275 2795 366 2860 binos
386 2809 482 2862 aestus
505 2798 692 2860 successivos
708 2796 908 2882 inaequalitas,
928 2795 999 2859 ciun
1015 2796 1134 2858 ratione
1149 2791 1373 2880 magnitudinis
1389 2790 1455 2853 trlm

170 2904 330 2991 temporis,
356 2909 455 2992 major
481 2906 562 2968 enim
588 2902 703 2967 diutiris
729 2903 854 2967 durabit
880 2902 973 2988 quarn
998 2903 1109 2980 minor,
1136 2913 1227 2964 ambo
1255 2899 1330 2963 vero
1360 2897 1454 2961 simul

172 3016 287 3101 ubique
300 3016 500 3101 absolventur
514 3028 656 3099 tempore
674 3022 711 3076 12
728 3014 885 3091 horarum,
899 3036 969 3077 cum
986 3016 1046 3077 24'.
1062 3014 1197 3076 circiter:
1214 3011 1299 3098 quod
1311 3010 1336 3075 si
1351 3011 1455 3096 itaque

171 3123 202 3187 io
216 3146 270 3188 eas
283 3124 429 3210 regiones
443 3146 540 3209 usque
556 3125 763 3207 perveniatur,
784 3124 816 3186 in
831 3123 942 3208 quibus
958 3123 1050 3185 Luna
1066 3121 1196 3207 utrique
1211 3122 1279 3184 vice
1295 3120 1345 3184 vel
1360 3141 1454 3204 super

171 3229 332 3295 horizonte
355 3231 404 3294 vel
425 3230 483 3294 sub
504 3230 665 3294 horizonte
687 3231 893 3294 meridianum
919 3231 1053 3318 attingit,
1080 3244 1173 3294 aestus
1198 3231 1302 3293 minor
1326 3229 1454 3291 omnino

172 3353 340 3417 evanescet,
364 3340 509 3426 solusque
529 3342 629 3424 major
650 3341 811 3423 supererit,
836 3339 889 3425 qui
911 3353 1033 3423 tempus
1058 3337 1150 3401 1211.
1173 3340 1235 3401 24‘.
1259 3335 1452 3419 adimplebit.

175 3447 224 3513 Ex
237 3449 350 3536 quibus
365 3451 563 3532 perspicuum
580 3462 635 3524 est,
652 3449 678 3510 si
702 3449 794 3512 Luna
810 3447 922 3510 habeat
936 3446 1184 3522 declinationem,
1208 3444 1452 3530 inaequalitatem

176 3554 314 3621 binorum
329 3567 462 3619 aestuum
485 3555 729 3618 successivorurn
752 3554 792 3618 ad
815 3553 904 3638 polos
919 3553 1096 3617 accedendo
1111 3553 1259 3617 continuo
1274 3553 1341 3616 fieri
1358 3552 1453 3634 niujo-

177 3684 247 3740 rcm,
275 3677 369 3750 atque
399 3662 524 3726 tandem
553 3664 706 3728 minorem
736 3652 864 3726 omniuo
892 3684 1076 3727 evanescere
1104 3662 1228 3739 debere,
1261 3661 1348 3747 quod
1381 3662 1452 3724 crim

178 3771 281 3849 evenit,
297 3770 363 3833 bini
379 3783 473 3833 aestus
488 3769 522 3832 in
538 3792 636 3833 unum
651 3771 837 3834 coalescunt

217 3883 237 3959 1
261 3888 332 3944 109.
367 3878 538 3963 Explicatis
565 3879 728 3942 anomaliis
751 3879 845 3943 aestirs
870 3879 964 3941 maris
989 3878 1165 3950 menstruis,
1190 3877 1387 3961 pervenimus
1413 3875 1453 3938 ad

180 3987 339 4050 1111111111
354 4008 473 4050 annuas
496 3986 545 4048 vel
567 3985 732 4071 plusquam
748 4008 875 4062 annuas,
891 4008 928 4048 ac
942 4007 1059 4048 nonum
1075 3984 1200 4070 quidem
1223 3985 1453 4067 phaenornenou

183 4088 359 4159 desumimus
384 4117 424 4157 ex
446 4096 615 4159 variatione
637 4096 741 4172 restris,
765 4118 834 4180 quae
849 4118 868 4157 a
881 4095 1009 4158 diversis
1032 4095 1136 4159 Lunae
1151 4119 1169 4157 a
1185 4094 1285 4157 Terra
1301 4093 1453 4158 distantiis

184 4203 386 4278 proficiscitur.
434 4204 650 4268 Observantur
666 4205 748 4267 enirn
763 4217 857 4266 astus
871 4203 986 4288 ubique
1000 4206 1131 4287 majores
1146 4203 1255 4266 ceteris
1271 4203 1407 4286 paribus,
1419 4203 1452 4267 in

188 4303 281 4377 iisdem
301 4315 420 4379 scilicet
441 4314 641 4379 luminarium
657 4313 831 4397 aspectibus
846 4312 1016 4396 iisdemque
1030 4312 1296 4389 declinationibus,
1313 4313 1339 4374 si
1361 4312 1454 4376 Luna
1495 4339 1497 4343 ·

191 4411 290 4485 insuo
317 4424 456 4510 perigoeo
488 4436 635 4500 versetur,
667 4422 804 4484 minores
834 4420 918 4498 verd,
950 4419 1041 4483 Lunai
1071 4421 1103 4483 in
1133 4442 1264 4507 apogreo
1292 4421 1453 4485 existente.

195 4514 309 4614 thegie
324 4543 430 4594 autem
450 4529 520 4593 hoec
536 4529 725 4592 conveniunt
739 4550 810 4591 cum
825 4526 930 4590 nostrai
946 4527 1075 4604 theoriis,
1099 4527 1158 4612 quir
1176 4528 1454 4593 demonstravimus

176 4619 280 4694 ”hune
300 4637 382 4699 vires
404 4636 444 4699 ad
467 4658 552 4700 mare
575 4636 763 4699 movendum
785 4634 963 4698 decrescere
983 4636 1016 4697 in
1037 4635 1190 4719 triplicati
1205 4638 1324 4702 ratione
1340 4638 1456 4702 distan-

164 4759 166 4781 ³
202 4729 289 4803 tinum
311 4743 412 4807 Lunae
434 4765 454 4806 a
476 4742 593 4805 Tarni:
618 4742 702 4828 qudd
718 4743 742 4804 si
765 4743 860 4829 igitur
875 4741 968 4804 Luna
982 4754 1120 4805 versetur
1135 4742 1167 4805 in
1181 4744 1329 4832 perigaeo,
1351 4746 1455 4809 fluxus

203 4834 332 4916 debebunt
346 4874 414 4916 esse
428 4852 570 4934 majores,
590 4848 682 4935 quim
694 4851 720 4912 si
738 4849 829 4912 Luna
844 4870 1008 4935 apogaeum
1019 4863 1159 4933 occupat
1195 4850 1352 4916 Praeterea
1361 4855 1453 4916 ctiam
