3300 5678
186 601 249 658 300
436 590 704 669 INQUISITIO
728 589 936 658 PHYSICA
960 591 1010 657 IN
1034 589 1229 657 CAUSAM

183 750 310 849 indicat,
327 770 354 834 si
368 793 458 856 aquae
472 769 653 856 superficies
667 791 764 855 supra
779 770 807 834 C
825 771 892 855 jam
907 767 946 833 sit
960 766 1088 843 elevata,
1104 779 1172 830 tum
1186 764 1250 827 rim
1265 761 1336 827 lieri
1358 763 1476 850 negati·

183 903 264 958 vam,
288 879 429 966 adeoque
451 903 563 966 aquam
581 880 766 966 deprimere.
813 878 971 944 Praeterea
984 877 1061 943 verb
1076 876 1188 941 eadem
1202 873 1388 962 hypothesis
1404 896 1476 938 con·

182 986 324 1050 firmatur
345 987 487 1072 pluribus
509 987 724 1072 phoenomenis
746 1009 836 1073 aquae
853 988 958 1051 nisum
972 985 1220 1071 respicientibus,
1244 985 1288 1048 ita
1301 995 1340 1048 ut
1354 984 1396 1048 de
1410 985 1476 1070 ejus

181 1099 310 1162 veritate
325 1095 459 1184 amplids
474 1098 596 1163 nullum
611 1099 742 1163 dubium
757 1099 901 1184 supersit.

225 1210 249 1286 §·
262 1214 313 1272 76.
332 1204 490 1269 Ponamus
501 1207 567 1291 jam
582 1229 694 1292 aquam
707 1208 741 1269 in
757 1205 797 1271 M
812 1204 1012 1272 constitutam
1026 1204 1132 1292 urgeri
1145 1227 1165 1268 a
1176 1203 1242 1268 solt
1259 1201 1366 1280 Luna,
1382 1214 1473 1288 atque

181 1322 216 1375 ut
231 1311 367 1376 calculus
381 1334 439 1397 per
453 1336 487 1377 se
502 1314 650 1379 molestus
664 1315 768 1379 miuus
782 1313 897 1378 habeat
911 1311 1110 1390 difficultatis,
1127 1312 1167 1376 sit
1181 1312 1269 1376 locus
1286 1312 1318 1376 C
1332 1312 1392 1376 sub
1406 1313 1473 1398 ipso

176 2577 334 2650 aequatore
356 2565 442 2643 situs,
468 2564 631 2652 Lunaeque
645 2564 811 2630 declinatio
826 2565 921 2643 nulla,
945 2588 986 2628 ex
1001 2588 1064 2653 quo
1079 2564 1172 2629 Luna
1186 2565 1219 2627 in
1234 2566 1357 2630 circulo
1370 2565 1459 2630 maxi·

175 2696 230 2739 mo
242 2697 300 2761 per
314 2676 375 2740 loci
390 2675 494 2740 zenith
510 2688 689 2740 transeunte
704 2689 861 2768 aequatore
873 2675 990 2739 scilicet
1001 2675 1248 2739 circumferetur:
1267 2676 1309 2739 sit
1321 2673 1459 2742 EGFH

175 2783 241 2849 iste·
256 2786 400 2864 circulus,
424 2789 512 2871 cujus
534 2786 640 2851 radius
662 2801 797 2872 ponatur
810 2819 846 2845 =
863 2797 892 2864 l,
908 2801 1001 2873 atque
1018 2787 1046 2851 E
1063 2787 1090 2851 F
1105 2799 1310 2871 repraesentet
1324 2788 1459 2852 horizon

176 2903 248 2969 tem,
272 2905 304 2956 et
319 2894 351 2958 G
367 2893 480 2957 zenith.
528 2895 642 2958 Positis
660 2894 719 2970 his,
743 2895 783 2958 sit
798 2895 892 2959 Luna
907 2896 939 2957 in
956 2895 987 2958 T
1003 2895 1077 2959 dum
1092 2896 1187 2959 maris
1203 2897 1386 2980 superficies
1400 2918 1458 2959 rer·

175 3017 260 3067 satur
274 3004 307 3065 in
324 3004 373 3080 M,
397 3005 440 3067 ita
457 3018 490 3068 ut
507 3005 534 3069 P
550 3005 582 3068 T
594 3035 629 3061 =
644 3028 665 3090 y
680 3006 834 3090 exprimat
848 3005 951 3069 sinum
967 3005 1138 3069 altitudinis
1155 3006 1258 3068 Lunae
1274 3028 1371 3089 super
1384 3005 1457 3070 hori·

176 3161 286 3224 zonte3
311 3149 394 3213 unde
410 3151 454 3212 vis
471 3150 573 3214 Lunoe
589 3174 675 3215 mare
690 3153 836 3217 attollens
852 3156 911 3218 erit
929 3183 963 3206 =
987 3115 1225 3278 Issl-i-{ffi-—ll
1236 3193 1273 3219 =
1291 3124 1456 3278 mB-T-lv

174 3372 278 3456 posito
293 3371 452 3439 brevitatis
466 3372 566 3461 gratiis
581 3374 602 3434 b
617 3396 677 3458 pro
688 3328 781 3495 Q—E-lfl
830 3375 925 3440 Hanc
941 3377 981 3439 ob
998 3396 1064 3437 rem
1078 3395 1154 3459 ergo
1169 3371 1355 3455 superficies
1375 3372 1456 3436 maris

174 3587 207 3651 in
223 3587 263 3653 M
278 3588 396 3671 duplici
410 3589 442 3651 vi
457 3589 623 3665 attolletur,
648 3590 763 3654 seilicet
779 3591 809 3652 vi
822 3567 908 3650 εἶ
933 3599 965 3664 -Ι-
987 3549 1158 3647 ΒΗΓ-1
1216 3585 1317 3662 Qubd
1343 3588 1368 3651 si
1391 3607 1456 3672 ergo

1054 3643 1075 3704 h

173 3776 327 3838 ponamus
343 3777 455 3841 aquam
470 3755 502 3817 in
520 3754 559 3818 M
570 3755 637 3839 jam
652 3756 767 3819 habere
782 3670 903 3820 moturi
914 3775 1037 3818 sursum
1049 3750 1213 3826 directum,
1227 3753 1317 3835 cujus
1330 3752 1455 3816 celeritas

173 3875 259 3925 tanta
282 3861 322 3924 sit
343 3875 459 3946 quanta
480 3862 650 3948 acquiritur
672 3862 761 3946 lapsu
782 3865 885 3951 gravis
908 3885 948 3925 ex
970 3858 1133 3924 altitudine
1158 3880 1187 3933 r,
1216 3873 1312 3945 atque
1335 3861 1454 3946 spatium

175 3970 215 4036 M
229 3994 261 4034 m
276 4000 311 4026 =
331 4011 370 4021 -
385 3973 406 4036 d
422 3996 436 4036 s
457 3973 652 4056 tempusculo
666 3973 788 4036 infinite
802 3996 900 4058 parvo
916 3970 1102 4044 absolvatur,
1125 3967 1295 4032 habebitur
1310 3992 1369 4053 per
1381 3969 1454 4054 prin·

174 4125 256 4211 cipio
270 4127 372 4191 motbs
388 4127 484 4190 dv=
497 4126 572 4189 -d
587 4149 602 4191 s
615 4103 682 4271 (ξ-
701 4136 734 4201 ÷
755 4090 772 4143 3
789 4105 810 4167 y
824 4106 902 4244 yh’
920 4089 975 4237 ¹).
1031 4122 1191 4186 Ponamus
1221 4120 1322 4206 porrd
1348 4136 1455 4207 tempus

175 4296 215 4359 ab
240 4309 313 4359 ortu
336 4296 438 4359 Lunae
459 4296 492 4358 in
515 4295 627 4380 Ejam
648 4293 798 4377 elapsum,
823 4291 908 4378 quod
931 4293 1015 4355 arcui
1040 4291 1069 4354 E
1092 4290 1124 4353 T
1149 4302 1196 4353 est
1222 4287 1453 4374 proportionale,

174 4427 242 4468 esse
263 4435 297 4461 =
320 4428 346 4481 z,
372 4427 443 4490 quae
464 4404 567 4466 littera
588 4403 691 4486 ipsum
713 4423 820 4465 arcum
844 4397 920 4464 ET
942 4399 1033 4462 simul
1055 4399 1193 4473 denotet,
1217 4398 1279 4497 erit
1293 4421 1315 4483 y
1329 4427 1364 4454 =
1377 4397 1456 4459 sina

174 4513 292 4577 scilicet
307 4514 388 4576 sinui
403 4537 492 4577 arcus
515 4537 541 4591 z,
566 4514 627 4577 hoc
642 4512 726 4576 enirn
740 4510 836 4574 modo
851 4512 937 4574 sinus
953 4532 988 4573 ac
1003 4511 1127 4573 cosinus
1143 4530 1276 4572 arcuum
1293 4531 1397 4573 sumus
1417 4506 1457 4568 in·

174 4622 326 4687 dicaturi:
349 4622 433 4685 unde
448 4623 566 4686 orietur
584 4631 596 4685 1
616 4659 659 4671 -
674 4629 693 4684 2
708 4643 729 4705 y
744 4643 765 4706 y
779 4649 813 4675 =
830 4641 892 4682 cos.
909 4627 929 4681 2
944 4642 971 4695 z,
994 4632 1086 4701 atque
1102 4626 1121 4681 3
1137 4639 1158 4701 y
1173 4640 1195 4701 y
1210 4625 1284 4679 -l
1307 4645 1342 4671 =
1357 4620 1374 4697 l
1390 4650 1430 4664 -

172 4781 541 4871 {cos.ssz,hincquedv
558 4783 702 4846 =—ds
730 4746 798 4922 (ἐ
818 4786 850 4851 -Ι-
871 4737 1150 4895 {l‘h-Q—Sfioes'
1168 4780 1187 4835 2
1203 4751 1258 4882 z).

221 4961 245 5034 t.
266 4960 317 5022 77.
341 4946 424 5016 Crim
440 4947 536 5033 igitur
551 4944 737 5008 elementum
754 4941 903 5025 temporis
920 4941 958 5005 sit
972 4968 1006 4995 =
1023 4939 1042 5002 d
1060 4961 1085 5017 z,
1109 4938 1168 5002 erit
1187 4959 1228 5002 ex
1244 4936 1353 5003 natuni
1369 4933 1464 5001 motin
