3330 5692
263 589 326 646 264
509 573 774 653 INQUISITIO
798 573 1002 640 PHYSICA
1025 572 1076 639 IN
1099 572 1296 641 CAUSAM

365 790 372 804 ’
476 750 902 938 'augiyqu-FT—yxi),
939 786 1284 853 indirectionoverd
1321 784 1546 855 Mitris

299 974 318 1030 8
337 965 360 1031 S
373 987 397 1027 x

262 986 586 1151 effe-rr

304 1180 327 1258 t.
343 1183 395 1240 aa.
420 1175 472 1240 Ex
485 1175 535 1241 his
549 1177 645 1265 igitir
656 1174 822 1262 postremis
836 1175 977 1241 formulis
991 1174 1176 1266 intelligitur
1189 1174 1230 1242 ab
1244 1175 1368 1242 maone
1384 1175 1468 1242 solis
1482 1175 1540 1240 sire

262 1284 364 1350 Lunoe
378 1288 410 1350 in
427 1289 450 1353 S
465 1289 625 1353 existentis
635 1286 821 1375 'gravitatem
837 1286 998 1372 particulae
1013 1285 1053 1351 M
1067 1286 1176 1375 augeri
1189 1285 1217 1352 si
1230 1287 1297 1372 ejus
1312 1287 1391 1352 situs
1406 1299 1543 1372 respecto

260 1393 438 1461 rectaesc
459 1395 829 1481 itafueritcomparatns,
853 1395 1011 1481 utsityy
1031 1395 1068 1472 i>
1094 1395 1544 1484 uxxhocesttangensan·

262 1504 329 1593 guli
352 1504 392 1569 M
410 1506 438 1570 G
455 1504 532 1581 P>
566 1509 597 1569 ν’
617 1505 754 1590 iporito
769 1504 840 1570 sinu
852 1516 920 1569 toto
937 1534 972 1560 ω
993 1513 1023 1583 l,
1045 1502 1155 1570 contri
1167 1502 1243 1570 verd
1256 1505 1443 1594 gravitatem
1457 1503 1547 1568 dimi·

259 1613 325 1690 nui,
342 1614 368 1676 si
382 1611 477 1677 suerit
490 1634 543 1700 yy
564 1613 601 1690 ὁ,
613 1620 633 1676 2
645 1635 667 1675 x
678 1635 710 1678 x.
755 1612 864 1689 Quare
879 1608 950 1676 crim
965 1613 1099 1702 angulus
1113 1613 1201 1700 cujus
1215 1626 1347 1702 tangens
1361 1625 1412 1678 est
1423 1643 1460 1668 =
1482 1616 1513 1676 os
1527 1622 1546 1677 i

261 1721 418 1786 contineat
439 1729 503 1787 54⁰.
519 1727 581 1787 45‘.
598 1721 728 1799 circiter,
752 1720 779 1784 si
800 1720 993 1805 concipiatur
1012 1721 1144 1786 circulus
1165 1722 1277 1787 Terrae
1296 1723 1455 1788 maximus
1479 1725 1548 1810 qui-

261 1849 385 1915 cunque
407 1831 438 1894 A
453 1829 487 1894 D
504 1829 587 1908 BE,
609 1830 697 1914 cujus
717 1828 845 1914 planum
863 1851 921 1914 per
940 1841 1091 1913 punctum
1115 1831 1138 1895 S
1155 1842 1301 1907 transeat,
1324 1830 1357 1894 in
1373 1853 1478 1917 eoque
1491 1829 1553 1895 du·

259 1951 370 2003 cantur
384 1953 478 2005 rectae
501 1939 529 2005 F
545 1941 573 2006 C
589 1940 605 2004 1
625 1951 657 2004 et
677 1940 709 2005 G
726 1939 754 2004 C
770 1939 817 2018 Η,
834 1962 990 2026 quaecum
1005 1940 1089 2006 recti
1114 1942 1137 2009 S
1152 1944 1185 2008 A
1200 1942 1229 2007 B
1248 1942 1380 2030 angulos
1395 1945 1553 2009 constitu·

260 2059 315 2109 ant
335 2056 398 2112 54⁰.
416 2050 477 2113 45'.
487 2070 496 2122 ;
519 2044 585 2111 trim
607 2067 714 2110 omnes
737 2043 849 2109 Terrae
870 2046 1032 2131 particulae
1052 2048 1086 2111 in
1105 2049 1211 2132 spatiis
1234 2049 1306 2114 FC
1323 2049 1359 2114 H
1380 2063 1413 2114 et
1436 2051 1472 2116 G
1489 2050 1556 2116 01

260 2156 328 2219 sitm
342 2156 502 2242 gravitatis
517 2155 666 2219 naturalis
681 2167 881 2243 augmentum
896 2156 1058 2240 accipient,
1081 2157 1210 2244 reliquae
1231 2158 1306 2223 vero
1327 2161 1496 2244 particulae
1517 2162 1558 2225 im

260 2263 369 2348 spatiis
386 2263 413 2327 F
430 2263 458 2328 C
474 2264 507 2328 G
522 2276 553 2328 et
569 2263 605 2328 H
623 2264 651 2328 C
667 2263 683 2328 I
698 2264 807 2349 positoe
822 2264 1054 2329 decrementum
1068 2268 1227 2354 militaus
1241 2269 1410 2353 patientur.
1441 2273 1562 2357 Atque

258 2370 342 2448 hinc,
365 2370 560 2458 quicumque
581 2371 692 2436 Terrae
713 2370 865 2455 particuli
886 2372 1056 2456 propositi,
1088 2372 1211 2437 definiri
1237 2378 1362 2460 poterit,
1389 2377 1563 2463 quantiam

258 2479 325 2564 ejus
345 2478 481 2566 gravitas
502 2499 523 2543 a
545 2478 619 2544 Sole
640 2476 770 2542 Lumine
791 2477 825 2541 in
841 2478 864 2543 S
879 2478 1031 2543 existente
1044 2477 1095 2542 vel
1114 2494 1264 2569 angeatur
1279 2483 1327 2547 vel
1342 2483 1570 2549 diminuatur.

258 2583 369 2649 Altera
389 2584 464 2649 verti
480 2585 536 2662 vis,
559 2582 620 2671 qui
639 2584 791 2669 particula
807 2582 845 2648 M
860 2585 893 2647 in
909 2584 1078 2649 directione

258 2693 442 2760 horizontali
457 2693 497 2759 M
510 2693 541 2759 R
555 2706 693 2782 urgetur,
710 2694 794 2778 (vide
806 2693 938 2781 figuram
950 2693 989 2756 ad
1005 2715 1076 2781 pag.

259 2803 347 2883 262.)
363 2801 545 2866 affirmativa
558 2801 626 2878 erit,
651 2801 684 2864 in
698 2821 830 2886 eamque
851 2799 985 2886 plagam,
1009 2821 1080 2885 quae

257 2911 291 2975 in
305 2910 408 2998 figura
422 2921 671 2995 repreasentatur,
688 2920 806 2996 verget,
820 2909 845 2971 si
861 2909 1046 2994 quantitates
1058 2930 1080 2971 x

258 3032 289 3084 et
302 3043 323 3106 y
339 3020 440 3084 amboe
454 3018 569 3084 fuerint
579 3019 628 3083 vel
643 3017 835 3082 affirmativae
845 3016 895 3080 vel
910 3016 1078 3103 negativae:

258 3133 509 3218 contrariumque
524 3131 654 3207 eveniet,
671 3130 698 3193 si
713 3149 819 3192 earum
834 3126 931 3189 altera
945 3127 985 3189 sit
998 3125 1080 3189 affir-

259 3240 382 3317 mativa,
397 3239 495 3302 altera
510 3237 661 3324 negativa.
708 3235 815 3310 Quare
832 3232 858 3296 si
873 3231 1025 3316 particula
1041 3230 1080 3295 M

259 3350 317 3414 sita
331 3349 424 3412 fuerit
438 3347 487 3410 vel
502 3347 534 3408 in
549 3345 721 3432 quadrante
738 3343 768 3406 A
785 3341 813 3406 C
829 3340 862 3405 D
878 3340 926 3403 rel
950 3340 979 3403 A
996 3339 1024 3403 C
1040 3339 1078 3416 E,

258 3470 325 3521 tum
350 3456 396 3518 vis
421 3450 621 3516 horizontalis
644 3449 685 3513 ad
708 3460 825 3512 rectam
852 3446 925 3509 CA
952 3443 1079 3520 tendet3

258 3562 367 3629 contra
384 3561 458 3626 veri>
478 3560 546 3623 haec
561 3559 606 3621 vis
620 3557 661 3621 ad
676 3557 797 3620 radium
820 3554 894 3618 CB
915 3553 1077 3640 dirigetur,

259 3674 285 3737 si
299 3671 452 3758 particula
468 3667 506 3733 M
522 3669 562 3732 sit
580 3667 629 3730 rel
651 3667 684 3728 in
698 3664 869 3751 quadrante
891 3663 919 3725 B
935 3661 962 3724 C
978 3662 1011 3725 D
1033 3660 1081 3723 vel
1145 3653 1176 3698 1)

261 3781 290 3846 B
303 3781 331 3845 C
343 3781 373 3846 E
387 3779 563 3844 constituta.
607 3775 658 3839 Ex
669 3772 780 3860 quibus
794 3770 979 3855 perspicitur
990 3766 1081 3830 effeo·

259 3908 309 3959 tus
330 3894 379 3958 vel
403 3893 483 3959 Solis
506 3890 552 3954 vel
577 3889 678 3953 Lunae
694 3888 724 3948 in
740 3884 832 3948 ambo
848 3879 1075 3965 hemisphaeria,

260 4004 401 4087 superius
412 4002 529 4065 scilicet
544 3997 577 4061 D
588 3997 616 4060 A
630 3994 658 4057 E
673 4006 704 4056 et
718 3990 843 4054 inferius
860 3990 893 4053 D
905 3989 933 4052 B
944 3987 982 4064 E,
998 3987 1080 4049 inter

260 4135 293 4176 se
308 4133 374 4175 esse
390 4109 454 4172 fere
472 4105 603 4182 similesg
625 4125 695 4189 quae
710 4097 878 4165 similitudo
898 4117 1020 4182 quoque
1043 4095 1075 4156 in

259 4222 328 4303 ipso
343 4231 421 4281 aestu
436 4217 530 4279 maris
548 4215 737 4278 observatur.

304 4331 328 4408 i.
344 4333 397 4389 29.
420 4323 578 4388 Ponamus
593 4342 677 4384 nunc
691 4314 875 4402 particulam
892 4311 930 4375 M
944 4312 976 4373 in
997 4308 1062 4394 ipsi
1079 4307 1189 4370 Terrae
1204 4296 1370 4384 superficie
1386 4317 1454 4358 esse
1470 4292 1625 4357 cofl‘

160 4430 163 4437 ’
258 4438 411 4511 stitutam,
438 4432 559 4519 eritque
592 4434 623 4494 os
644 4435 678 4514 (x
692 4428 705 4463 ⁹
720 4426 752 4490 ÷
766 4448 786 4511 y
800 4421 825 4503 ²)
847 4453 880 4476 =
902 4429 915 4483 l
946 4419 987 4482 ob
1014 4418 1045 4481 Τ
1046 4438 1124 4479 errae
1149 4408 1426 4475 semidiametrum
1455 4427 1486 4461 =
1570 4384 1628 4441 ¹·

262 4546 372 4622 Quare
393 4544 418 4606 si
440 4541 593 4626 particula
616 4538 655 4604 M
675 4535 768 4600 {iterit
789 4532 890 4619 posita
911 4530 942 4591 in
968 4526 1016 4598 Μ,
1040 4525 1190 4587 existente
1204 4515 1309 4604 anguli
1326 4516 1356 4578 A
1374 4514 1402 4576 C
1419 4511 1459 4576 M
1475 4497 1629 4574 sit,⁸¹

267 4685 301 4710 =
313 4677 334 4740 y
344 4650 495 4716 etcosinu
513 4680 547 4704 =
559 4672 592 4727 x,
608 4650 674 4734 ejus
685 4645 819 4735 gravitas
834 4637 982 4705 naturalis
997 4632 1196 4698 acceleratrix
1211 4654 1229 4692 a
1246 4628 1318 4693 Sole
1334 4624 1466 4689 Lunive
1478 4624 1534 4685 ir·
1589 4585 1630 4651 S

266 4809 431 4900 augebitur
444 4804 476 4868 vi
492 4843 527 4871 =
547 4754 822 4921 §.ild-5323),
835 4790 1005 4862 secuudum
1016 4789 1208 4853 horizontem
1219 4796 1323 4850 autem
1332 4783 1365 4846 in
1374 4760 1629 4845 directiofl⁶
