3330 5692
401 592 404 596 .
470 532 661 603 FLUXUS
682 536 744 601 AC
768 535 1020 605 REFLUXUS
1043 540 1201 607 MARIS.
1410 557 1472 616 885

189 696 360 762 subsidere.
407 699 463 764 Sin
484 714 588 766 autem
612 703 704 767 Luna
724 702 806 766 infra
820 704 953 767 Terram
967 727 987 766 a
1000 703 1172 770 meridiano
1193 694 1251 770 lo‘ci
1275 708 1309 771 N
1322 710 1363 774 ed
1377 716 1470 778 meri-

187 803 317 884 dianum
336 804 398 869 loci
421 806 460 871 M
482 809 709 896 progrediatur,
733 832 814 895 aqua
835 811 868 873 in
891 810 930 875 M
945 810 1116 877 elevabitur
1128 813 1248 877 interea
1261 835 1319 899 per
1334 821 1468 902 spatium

183 981 221 1010 =
238 924 257 978 3
274 915 583 1044 qu(M'pq-
595 965 646 1044 2(1
662 959 760 1039 -m)
775 959 869 1038 PQ),
886 981 943 1043 per
954 973 1134 1048 tantumque
1147 966 1281 1048 spatium
1290 989 1371 1054 equa
1384 969 1417 1033 in
1433 970 1466 1035 N

237 1006 376 1081 W

182 1128 342 1193 subsidet·
380 1130 537 1195 Ponamus
559 1155 642 1197 nunc
664 1133 813 1221 angulum
835 1131 864 1195 L
880 1131 907 1195 P
924 1133 963 1198 M
978 1157 1045 1198 esse
1061 1146 1102 1200 90
1116 1137 1280 1223 graduum,
1304 1162 1358 1203 seu
1373 1165 1464 1227 ques·

180 1235 300 1299 tionem
321 1238 448 1316 institui,
473 1236 544 1302 crim
568 1240 661 1304 Luna
678 1242 745 1325 jam
767 1252 839 1303 ante
861 1260 917 1302 sex
937 1237 1031 1304 horas
1051 1242 1259 1307 meridianum
1280 1243 1341 1308 loci
1364 1247 1403 1314 M
1423 1252 1464 1314 sit

178 1355 384 1431 transgressa,
401 1361 493 1433 atque
507 1349 697 1413 obtinebitur
710 1347 883 1411 differentia
897 1346 977 1410 inter
991 1371 1081 1433 aquae
1092 1350 1270 1413 altitudines
1284 1352 1316 1415 in
1330 1352 1406 1418 locis
1422 1355 1462 1422 M

176 1456 1460 1623 etN=}-,{“,(P⁹Q2-‹PQ-Mpq)›=Q,L-b!;3oMra-

178 1664 328 1753 M⁹pq).
374 1669 438 1732 Sex
453 1681 555 1732 autem
569 1667 665 1745 horis,
681 1680 846 1754 antequam
862 1667 955 1731 Luna
969 1666 1009 1730 ad
1023 1665 1229 1730 meridianum
1242 1668 1304 1732 loci
1320 1670 1359 1735 M
1373 1673 1458 1757 apel·

172 1811 221 1889 lit,
249 1835 330 1899 aqua
354 1814 387 1876 in
413 1812 445 1876 N
470 1814 569 1901 magis
593 1815 653 1878 erit
677 1813 797 1877 elevata
821 1811 914 1903 quiam
940 1813 972 1874 in
999 1811 1039 1876 M
1064 1811 1226 1875 intervallo
1250 1777 1441 1942 ‘'Q'‘

172 1991 209 2069 (2
226 1985 267 2050 M
283 1987 311 2050 P
326 1984 359 2061 Q
379 1996 411 2063 -1-
432 1987 472 2052 Μ
486 1986 499 2023 ²
513 2009 534 2071 p
550 1989 594 2073 q).
641 1989 820 2072 Sequuntur
840 1984 909 2049 haec
931 1985 957 2048 si
979 1985 1088 2048 inertia
1103 2007 1192 2070 aquae
1206 1984 1401 2071 negligatur3
1423 1999 1456 2051 at

169 2092 284 2156 inertid
307 2094 439 2159 admissi
462 2119 503 2159 ex
523 2095 771 2180 praecedentibus
792 2093 865 2157 satis
888 2092 1005 2157 clarum
1027 2106 1083 2168 est,
1107 2091 1179 2156 crim
1193 2092 1250 2157 has
1265 2093 1456 2162 differentias

169 2201 305 2284 majores
320 2223 387 2264 esse
401 2201 526 2279 debere,
548 2200 614 2265 ttim
631 2214 774 2284 tempora
787 2200 992 2264 mutationum
1008 2197 1126 2263 tardius
1142 2200 1228 2284 sequi
1244 2199 1366 2265 debere.

214 2315 238 2391 §.
260 2317 328 2373 122.
350 2310 510 2385 Quoniam
524 2310 599 2374 vero
612 2311 646 2373 in
661 2310 721 2373 hoc
736 2309 830 2402 maris
845 2320 946 2370 tractu
961 2306 1111 2391 perpetub
1126 2306 1235 2369 eodem
1249 2329 1339 2392 equae
1354 2332 1452 2394 quan·

166 2418 242 2481 titas
266 2421 416 2484 contineri
438 2421 541 2497 debet,
564 2442 689 2484 necesse
704 2429 739 2480 ut
753 2414 904 2502 quantum
918 2436 1008 2500 equae
1023 2414 1084 2477 und
1099 2426 1188 2498 parte
1203 2435 1298 2496 supra
1315 2414 1450 2481 libellam

165 2523 339 2602 attollatur,
356 2526 538 2589 tantundem
552 2548 589 2588 ea
603 2525 636 2587 in
651 2521 767 2608 reliqui
782 2533 870 2606 parte
885 2519 965 2583 infra
978 2518 1113 2582 libellam
1129 2518 1328 2602 deprimatur.
1372 2521 1448 2596 Qut

168 2631 268 2719 igitur
289 2632 363 2695 hinc
377 2633 570 2697 altitudinem
584 2634 677 2697 maris
693 2631 801 2718 quovis
815 2630 885 2694 loco
899 2628 1007 2693 exacte
1022 2629 1272 2706 determinemus,
1295 2651 1448 2713 ponamus

164 2730 302 2804 tractum
316 2755 455 2805 nostrum
470 2740 640 2806 secunddm
655 2741 881 2828 longitudinem
896 2739 1054 2803 terminari
1067 2738 1148 2802 binis
1163 2738 1341 2803 meridianis
1365 2739 1392 2803 P
1409 2739 1449 2806 M

164 2859 198 2910 et
221 2846 250 2911 P
271 2846 313 2923 N,
344 2847 514 2912 secundum
535 2848 728 2912 latitudinem
755 2845 829 2910 verd
852 2845 933 2909 binis

164 2955 322 3040 parallelis
337 2957 377 3021 M
390 2957 422 3020 N
436 2971 467 3022 et
481 2980 513 3021 m
524 2981 555 3034 n,
572 2957 732 3043 positique
748 2956 838 3020 Luni
853 2956 885 3019 in
902 2956 930 3021 L

164 3065 204 3128 sit
227 3065 321 3128 sinus¹
341 3064 370 3129 P
391 3065 423 3129 L
448 3091 479 3124 =
506 3090 536 3152 q,
566 3067 688 3130 cosinus
713 3091 745 3124 =
771 3065 821 3142 Q3
845 3066 930 3128 sinus

164 3173 193 3236 L
211 3172 239 3236 P
257 3171 297 3238 M
313 3198 344 3231 =
361 3174 403 3251 T,
420 3176 543 3238 cosinus
560 3188 630 3238 :t
676 3175 777 3238 Porro
791 3173 832 3237 sit
845 3173 930 3236 sinus
1000 3259 1002 3262 y

164 3279 254 3345 arcas
271 3281 348 3346 PM
363 3308 393 3341 =
408 3305 440 3367 p,
457 3280 671 3358 cosinus=P,
687 3282 771 3346 sinus
789 3283 928 3357 Pm=r,
997 3279 1006 3297 ¹
1066 3292 1084 3310 *¹
1147 3320 1163 3344 ι

164 3389 288 3453 sosinus
299 3414 330 3448 =
342 3390 383 3468 R,
400 3402 492 3476 atque
502 3389 609 3477 anguli
625 3389 664 3453 M
676 3390 702 3452 P
713 3388 745 3452 N
760 3385 883 3452 sinus'='
891 3389 930 3452 M

164 3510 192 3561 et
207 3498 335 3560 cosinus
349 3522 381 3557 =
395 3521 437 3561 m.
473 3499 631 3562 Praeterea
646 3498 686 3561 sit
699 3497 829 3561 elevatio
843 3497 875 3559 in
891 3496 931 3561 M

164 3604 237 3668 dum
250 3604 344 3669 Luna
352 3605 386 3668 in
399 3605 428 3669 L
440 3619 588 3682 versatur,
601 3627 695 3688 supra
705 3603 841 3668 libellam
854 3628 886 3661 =
900 3629 929 3680 a,

163 3712 205 3776 ita
225 3726 262 3776 ut
284 3712 344 3776 hoc
365 3713 436 3777 looo
456 3736 602 3799 suprema
615 3735 704 3799 aquae
720 3712 932 3798 superficiesa

164 3833 272 3884 oentro
297 3822 409 3886 Terrae
435 3824 527 3890 distet
554 3823 715 3888 intervallo
739 3851 773 3874 =
802 3830 816 3885 l
844 3832 876 3897 4-
901 3847 929 3898 α,

164 3928 246 3995 unde
267 3929 340 3996 crim
363 3935 448 3996 sinus
470 3933 640 3998 altitudinis
664 3932 766 3996 Lunae
786 3931 818 3993 in
834 3930 873 3995 M
888 3931 927 3992 sit

167 4060 198 4094 =
217 4050 265 4123 tp
280 4062 301 4126 q
323 4049 356 4116 4
377 4040 405 4104 P
420 4039 462 4117 Q,
486 4041 544 4104 erit
558 4039 722 4127 gravitatio
736 4034 830 4100 totids
845 4037 998 4100 columnoe
1012 4050 1119 4115 aqueoe
1133 4027 1172 4092 ab
1188 4027 1228 4092 M
1242 4028 1283 4093 ad
1297 4039 1438 4093 centrum

164 4134 1432 4260 Tenae=lstssln÷¹†1ss(d‡.3.(.t.ffl=.l-÷a÷

345 4258 456 4324 u†l
835 4242 918 4305 2b³
1185 4241 1289 4311 l†n

172 4349 234 4436 Lp
252 4391 294 4403 ··
310 4364 328 4419 3
346 4367 443 4517 ἓξὲξ
464 4365 496 4430 4
517 4354 605 4435 PQ)
621 4352 659 4470 ⁹),
681 4392 786 4477 prouti
807 4386 901 4475 ,upra
921 4393 946 4470 ᾗ,
961 4396 1013 4452 43.
1029 4394 1061 4448 et
1080 4390 1131 4446 44.
1148 4358 1433 4449 demonstraiimus.

178 4549 383 4623 consideretur
392 4562 458 4645 jam
474 4561 559 4626 locus
573 4564 749 4650 quicunque
772 4561 807 4627 X
826 4562 860 4624 in
874 4569 981 4623 nostro
995 4566 1105 4631 tractu,
1120 4553 1154 4615 in
1168 4574 1231 4637 quo
1245 4575 1326 4639 aqua
1339 4576 1433 4640 supra

173 4661 290 4738 libellum
305 4675 346 4739 sit
360 4675 478 4740 elevata
492 4679 592 4763 spatio
609 4704 640 4739 =
660 4699 695 4759 p3
718 4700 755 4742 ao
768 4676 865 4741 ducto
877 4696 934 4759 per
948 4671 1032 4734 hunc
1045 4669 1148 4732 locum
1162 4665 1335 4730 mttridiffiw
1351 4667 1378 4730 P
1390 4666 1430 4742 Ra

171 4769 199 4833 fl
211 4783 315 4866 anguli
332 4782 361 4848 L
379 4783 406 4848 P
423 4785 454 4848 R
469 4787 554 4851 sinus
574 4812 605 4847 =
627 4786 671 4863 X,
688 4786 810 4850 cosinus
831 4808 862 4843 =
881 4804 922 4856 x3
945 4776 1035 4842 arcis
1055 4774 1132 4839 PX
1148 4774 1232 4839 tirius
1251 4798 1282 4833 =
1302 4785 1365 4837 zet
1379 4793 1430 4836 co·
