3330 5692
252 563 317 622 286
556 552 620 617 DE
643 551 796 618 CAUSA
820 550 1025 617 PHYSICA
1049 551 1239 619 FLUXUS

260 731 354 812 pffi
375 726 514 812 partibus
536 726 641 812 digiti3
665 746 758 811 quern
779 747 837 789 suc
860 746 949 788 more
971 724 1107 790 breviter
1130 726 1338 812 deprehendit
1365 728 1534 795 Newtonns

255 855 322 896 esse
343 834 431 918 pedis
453 833 554 910 unius,
577 832 746 921 digitorum
766 831 911 896 undecim
925 852 997 895 cum
1012 834 1051 913 ἡ
1065 845 1155 918 parte
1170 833 1269 923 digiti,
1288 855 1358 921 quae
1374 834 1534 902 altitudoa

254 941 360 1019 nostri
375 941 479 1005 differt
493 939 614 1005 tanttim
629 939 716 1003 sexti
730 951 819 1024 parte
834 939 925 1003 unius
940 938 1039 1026 digiti.

300 1048 418 1114 Veriim
432 1052 464 1113 in
480 1049 541 1114 hoc
556 1048 675 1112 calculo
698 1048 800 1112 Terra
818 1049 1004 1132 supponitur
1018 1070 1085 1112 esse
1100 1048 1262 1132 sphaerica,
1279 1049 1338 1114 nisi
1355 1063 1533 1137 quatenusa

254 1157 286 1227 ti
310 1158 391 1222 Solis
417 1181 503 1222 mare
525 1157 671 1222 elevatur.
718 1155 781 1221 Sed
804 1156 831 1220 si
853 1176 1016 1219 ascensum
1040 1176 1130 1241 aquae
1153 1157 1326 1223 maximum
1349 1179 1531 1244 quaeramus,

254 1267 437 1352 ponendum
452 1279 499 1332 est
515 1267 620 1332 Solem
636 1267 670 1330 in
684 1264 802 1331 circulo
815 1263 1023 1349 aequinoctiali
1038 1263 1164 1355 versari,
1181 1263 1379 1352 figuramque
1394 1268 1427 1332 A
1443 1266 1532 1333 Bab

254 1375 288 1438 in
309 1375 370 1439 hoc
393 1375 487 1460 plano
511 1374 665 1452 constitui,
690 1389 723 1438 et
747 1370 891 1460 augenda
913 1383 961 1434 est
982 1371 1029 1434 vis
1051 1371 1082 1434 V
1106 1372 1140 1436 in
1157 1371 1278 1437 tatiane

254 1484 488 1550 semidiametri
509 1484 675 1548 mediocris
693 1483 734 1548 ad
754 1481 1033 1547 aemi-diametrum
1048 1481 1159 1547 Terrae
1175 1485 1275 1549 matti·

254 1615 351 1671 mum,
374 1607 406 1658 et
426 1593 595 1659 minuenda
611 1604 660 1657 est
675 1591 721 1656 vis
737 1591 771 1656 G
785 1590 885 1655 donec
900 1589 1010 1654 evadat
1024 1589 1153 1675 equalis
1172 1593 1275 1676 gravi·
1337 1587 1356 1626 l

255 1701 310 1763 tati
334 1701 391 1764 sub
411 1714 589 1787 aequatore:
613 1700 677 1763 ie.
698 1699 723 1761 ai
745 1697 878 1784 figurata
901 1696 1012 1761 Terrae
1031 1719 1100 1761 eam
1117 1720 1184 1763 esse
1201 1720 1275 1782 sap·

255 1827 407 1890 ponamus
430 1828 524 1892 quam
544 1804 684 1870 definivit
706 1803 887 1881 Newtcnus,
910 1802 1054 1890 urgenda
1067 1804 1126 1867 erit
1139 1805 1184 1867 vis
1199 1804 1229 1868 V
1243 1805 1277 1870 in

256 1915 376 1980 ratione
400 1926 463 1982 459
489 1916 530 1980 ad
553 1925 628 1993 460,
652 1927 685 1979 et
706 1913 875 1977 minuenda
898 1926 945 1977 est
968 1914 1001 1978 G
1025 1914 1059 1977 in
1082 1914 1191 1979 eadem
1213 1914 1278 1982 ferd

256 2023 386 2103 ratione,
409 2025 557 2111 quoniam
578 2024 658 2087 vires
679 2023 838 2110 gravitatis
857 2023 889 2086 in
904 2023 1067 2107 superficie
1082 2024 1191 2089 Terrae
1206 2039 1278 2090 sunt

256 2129 377 2195 inversi
392 2143 428 2194 ut
441 2131 595 2195 distentae
609 2130 750 2194 locorum
763 2153 784 2194 a
797 2142 923 2206 centr03
946 2128 1078 2217 cquue
1091 2131 1237 2198 distantia
1257 2134 1279 2198 d

257 2239 298 2304 sit
311 2240 454 2328 augenda
470 2241 504 2303 in
518 2237 628 2305 eidem
644 2238 773 2316 ratione,
790 2238 848 2301 erit
861 2260 1007 2302 ascensus
1022 2261 1112 2324 aquae
1126 2239 1159 2302 in
1173 2262 1278 2326 aequa·
1468 2284 1484 2329 3

258 2363 326 2416 tore
339 2348 501 2436 augendus
520 2348 554 2412 in
568 2348 688 2411 ratione
702 2345 856 2430 triplicata
870 2345 1104 2410 semi-diametri
1118 2347 1283 2412 mediocris

257 2457 300 2522 ad
321 2458 500 2533 maximam,
544 2455 685 2542 adedque
699 2455 758 2519 erit
772 2455 861 2540 pedis
882 2456 984 2532 unius,
1008 2454 1177 2544 digitorum
1197 2457 1343 2524 undecim
1364 2483 1438 2527 cum
1459 2471 1528 2528 W
1596 2462 1618 2487 ²

258 2568 380 2632 circiter
400 2578 491 2652 parte
504 2566 604 2653 digiti.
649 2566 750 2630 Terra
764 2579 869 2629 autem
890 2565 981 2629 altior
996 2578 1043 2630 est
1064 2565 1123 2630 sub
1136 2580 1294 2654 aequatore
1309 2570 1404 2658 quim
1424 2573 1624 2660 prodiit'

259 2673 379 2739 calculo
389 2672 594 2738 Newtouiano
603 2693 643 2736 ex
656 2670 822 2758 hypothesi
837 2670 923 2758 qudd
935 2672 1037 2736 Terra
1044 2674 1083 2737 sit
1093 2673 1286 2741 uniformiter
1295 2678 1394 2745 deuse
1404 2705 1424 2746 a
1432 2702 1624 2767 super-2

259 2784 329 2848 licie
344 2781 498 2871 usquead
512 2795 652 2846 centrum
660 2805 670 2858 ;
692 2793 728 2847 ut
743 2782 899 2868 colligitur
920 2804 961 2846 ex
982 2784 1075 2847 variis
1094 2785 1302 2870 pendulorum
1317 2790 1623 2857 obser-vati&

258 2893 329 2970 bus,
360 2905 392 2957 et
419 2893 592 2979 prasertim
614 2914 654 2956 ex
679 2892 823 2957 mensuri
848 2893 965 2981 gradile
986 2894 1148 2960 meridiani
1170 2920 1264 2984 qnam
1292 2902 1350 2965 viri
1380 2890 1622 2969 clarissimffzl

260 3023 362 3085 nuper
375 3000 583 3065 definiverunt
597 2999 825 3064 accuratissime
840 3001 898 3065 sub
913 3002 1030 3065 circulo
1043 3003 1153 3087 polari.

303 3110 399 3174 schol.
417 3117 445 3171 l.
471 3109 504 3172 Si
525 3109 708 3195 gravitatem
729 3109 940 3193 posuissemus
961 3110 1111 3195 aequalem
1133 3111 1165 3174 in
1188 3112 1265 3177 Aet
1289 3112 1327 3192 B,
1350 3130 1383 3181 et
1403 3117 1617 3203 ejusduss!

261 3256 307 3319 vis
322 3257 355 3319 iu
370 3255 434 3319 sod
450 3254 695 3320 circumferentiis
711 3258 742 3320 A
759 3256 788 3321 B
804 3280 822 3318 a
836 3256 868 3333 b,
883 3257 1049 3340 prodiisset
1063 3280 1084 3319 x
1099 3259 1225 3345 aequalis
1241 3260 1362 3324 tantiiur
1379 3226 1493 3393 Ϋὲἐ,
1509 3264 1615 3326 e--t

262 3451 406 3493 ascensus
427 3451 516 3514 aquae
539 3432 607 3512 (seu
622 3437 642 3490 2
657 3429 692 3508 x)
715 3428 804 3512 pedis
828 3428 929 3505 unius,
952 3428 1121 3515 digitorum
1143 3452 1198 3493 sex
1218 3453 1289 3494 cum
1311 3433 1402 3496 tertis
1421 3434 1523 3499 circite
1546 3484 1550 3489 .
1597 3447 1611 3488 r

262 3550 350 3622 parte
364 3537 463 3624 digiti.
508 3537 635 3621 Quippe
649 3538 683 3600 in
697 3537 756 3601 hic
772 3537 937 3623 hypothesi
950 3538 1116 3622 prodiisset
1131 3540 1200 3604 CA
1215 3540 1256 3604 ad
1273 3542 1351 3618 CB,
1368 3556 1404 3607 ut
1418 3544 1454 3609 G
1465 3556 1497 3621 ÷
1510 3535 1609 3597 fil

263 3685 303 3753 td
319 3687 351 3752 G
366 3725 410 3737 —
424 3693 445 3748 2
459 3686 501 3763 V,
521 3684 661 3772 adedque
675 3709 697 3749 x
711 3685 751 3748 ad
767 3685 798 3764 d,
823 3700 857 3749 nt
872 3647 940 3812 {QX
954 3685 993 3748 ad
1007 3685 1040 3749 G
1051 3684 1143 3771 quim
1159 3686 1311 3770 proximd.
1351 3690 1456 3776 Atque
1469 3690 1604 3755 hin-e

263 3871 393 3944 apparet
407 3859 523 3923 utilitas
537 3858 781 3944 praecedentium
797 3857 1059 3941 Propositiouum,
1083 3854 1154 3921 crim
1169 3881 1315 3923 ascensus
1330 3883 1421 3948 aqua
1435 3875 1598 3927 accaci-
1648 3938 1651 3943 .

266 3965 343 4032 dilm
365 3974 445 4032 hanc
466 3966 570 4031 minhs
591 3981 766 4047 accuratam
787 3966 988 4051 hypothesim
1009 3967 1111 4030 minor
1125 3967 1165 4030 sit
1179 3989 1309 4032 ascensu
1324 3992 1418 4055 quam
1438 3972 1471 4035 in
1484 3966 1594 4035 Β

267 4116 484 4202 Propositione
498 4119 704 4197 definivimus,
721 4118 891 4182 differendi
906 4081 1018 4247 Ἢ
1042 4120 1149 4207 quarti
1165 4123 1282 4187 scilicet
1296 4137 1386 4210 parte
1400 4130 1586 4189 ascmsflt

266 4288 357 4354 illius.
1653 4362 1656 4373 ,

308 4399 403 4462 &tot
419 4408 449 4463 2.
473 4401 525 4467 Ex
546 4400 605 4465 hac
623 4400 762 4465 doctrinis
783 4413 869 4485 patet
885 4402 1029 4467 satellites
1043 4403 1129 4468 Jovis
1146 4404 1211 4469 Soli
1225 4417 1257 4467 et
1271 4404 1331 4468 sibi
1346 4403 1457 4468 mutnd
1471 4411 1572 4466 cu*

263 4507 390 4592 junctos
412 4510 462 4572 vel
483 4512 643 4594 oppositos
658 4511 690 4573 in
705 4532 824 4574 oceano
834 4513 941 4594 joviali
964 4513 1003 4596 (si
1018 4513 1099 4577 ullus
1113 4514 1165 4594 sit)
1187 4515 1328 4601 ingentes
1344 4528 1448 4579 motus
1461 4502 1567 4578 exc-5·
1655 4594 1659 4599 Ι

267 4627 335 4680 tare
355 4613 479 4693 debere,
501 4616 597 4681 modi>
616 4641 681 4683 nou
702 4618 764 4683 sint
786 4617 876 4682 Luni
897 4618 1000 4681 nostrii
1019 4618 1118 4683 multi>
1133 4622 1289 4698 minores3
1311 4619 1383 4685 caim
1396 4621 1565 4687 diuma
1651 4602 1659 4628 =

267 4721 355 4788 Jovis
377 4723 417 4788 ad
440 4723 617 4790 distantiam
638 4729 786 4813 cujusque
808 4727 946 4792 satellitis
966 4726 1065 4793 multi)
1088 4731 1236 4813 majorem
1259 4730 1373 4794 haheat
1397 4731 1566 4797 ratim

268 4830 363 4920 quim
383 4833 534 4899 diameter
557 4836 666 4902 Terrae
687 4839 727 4903 ad
749 4839 924 4904 distantiam
947 4837 1057 4903 Lunae.
1101 4839 1276 4905 Verisimile
1295 4853 1343 4905 est
1361 4842 1569 4906 meum-⁸⁶
1645 4873 1659 4930 g
