3330 5692
194 563 291 622 xxxiv
657 558 939 628 lNTRODUCT
940 561 990 626 10
1299 563 1398 642 [Csv.
1419 563 1479 629 111.

193 733 336 798 (liarnetri
351 734 528 820 apparentis
544 733 655 810 Lunae,
672 746 739 798 tum
754 735 926 800 velocitatis
941 737 1039 822 ipsius
1053 735 1087 797 in
1104 732 1165 798 uni
1181 733 1377 801 revolutione
1391 736 1480 802 colli·

192 841 277 929 gitur
298 842 382 906 hunc
402 842 557 928 planetam
572 841 661 906 radio
675 842 716 906 ad
731 856 872 908 centrum
887 857 980 909 terrae
994 844 1091 909 ducto
1105 865 1193 907 arcas
1208 843 1387 910 describere
1402 860 1479 911 tem-

192 951 321 1035 poribus
336 950 457 1014 circiter
470 950 732 1034 proportionales.
1327 1018 1330 1024 ¹

235 1067 286 1122 48.
311 1059 344 1122 Si
366 1055 469 1144 itaque
490 1056 671 1121 observetur
693 1056 780 1122 locus
804 1056 885 1122 Solis
907 1058 939 1119 in
963 1056 1117 1141 Ecliptical
1140 1057 1268 1143 quandd
1291 1071 1359 1123 tum
1380 1059 1479 1144 ipsius

191 1164 335 1229 velocitas
357 1176 425 1228 tum
447 1163 597 1227 diameter
618 1186 771 1248 apparens
786 1165 915 1227 minima
928 1177 984 1243 est,
1006 1165 1132 1229 dabitur
1146 1179 1286 1252 tempore
1301 1166 1377 1231 dato
1391 1167 1477 1232 locus

191 1273 325 1360 Apogaei
350 1273 431 1338 Solis
457 1284 489 1337 et
513 1271 632 1336 collatis
661 1273 798 1357 plurium
822 1296 978 1338 annorum
1004 1275 1273 1340 observationibus
1300 1279 1478 1342 innotescet

191 1383 325 1470 Apogaei
338 1393 442 1445 motus
456 1403 578 1445 annuus
593 1383 646 1468 qui
664 1380 755 1468 juxta
770 1383 813 1447 D.
832 1384 955 1449 Cossini
969 1398 1016 1450 est
1034 1387 1058 1449 l'
1075 1387 1114 1448 2⁶
1130 1399 1162 1450 et
1179 1387 1253 1451 inde
1266 1409 1326 1472 per
1340 1410 1476 1479 propor-

189 1491 282 1556 tionis
296 1488 437 1576 regulam
450 1488 583 1553 habetur
597 1502 700 1553 motus
716 1490 851 1577 Apogaei
865 1514 925 1576 pro
940 1492 1080 1577 quolibet
1093 1492 1167 1557 dato
1187 1506 1339 1579 tempore.
1386 1495 1476 1560 Hinc

189 1600 370 1682 sitempore
391 1596 499 1683 quovis
520 1596 702 1662 observetur
726 1597 807 1662 Solis
828 1596 992 1685 longitudo
1013 1621 1096 1677 vera,
1121 1600 1247 1666 dabitur
1269 1599 1383 1666 eodem
1396 1615 1475 1668 tem-

187 1732 265 1796 pore
286 1709 373 1773 locus
388 1709 524 1797 Apogaei
540 1708 622 1774 Solis
637 1720 668 1772 et
682 1709 779 1793 ipsius
794 1708 949 1773 anomalia
963 1731 1036 1773 vera
1050 1731 1091 1773 ex
1106 1710 1167 1797 qui
1183 1723 1310 1775 eruetur
1333 1712 1474 1797 ejusdem

188 1819 343 1885 anomalia
352 1818 455 1883 media
465 1822 536 1903 (per
549 1818 653 1884 Schol.
666 1818 706 1883 ad
718 1819 813 1904 Prop.
826 1818 963 1882 XXXI.
976 1819 1048 1884 Lib.
1064 1820 1105 1901 Ι.)
1116 1844 1153 1885 sc
1163 1820 1297 1907 proinde
1308 1821 1475 1910 longitudo

186 1929 289 1994 media
310 1927 474 1992 habebitur
494 1938 636 2012 tempore
655 1926 887 1991 observationis.
912 1927 1018 1991 ·Haec
1031 1926 1197 2015 longitudo
1211 1929 1315 1993 media
1329 1952 1471 1994 assuma-

186 2056 238 2107 tur
258 2053 406 2126 tanquam
425 2039 517 2104 radix
536 2061 591 2103 seu
611 2038 803 2124 principium
823 2049 967 2101 motuum
987 2037 1163 2103 mediorum
1186 2038 1268 2103 Solis
1292 2051 1324 2103 et
1345 2053 1472 2124 tempus

185 2148 408 2214 observationis
429 2159 578 2233 tanquam
599 2147 720 2232 epocha
736 2158 914 2231 temporum
934 2146 1109 2211 mediorum
1130 2146 1414 2233 computandorum
1439 2163 1471 2213 ct

185 2259 259 2324 dato
274 2257 412 2345 quolibet
425 2256 492 2321 alio·
501 2269 642 2342 tempore
652 2255 757 2320 medio
767 2256 898 2319 inveniri
912 2256 1028 2340 poterit
1040 2257 1161 2321 medius
1178 2257 1260 2322 Solis
1276 2271 1381 2321 motus
1397 2257 1472 2323 huic

184 2368 318 2454 tempori
346 2368 598 2454 proportionalis,
628 2381 661 2432 et
685 2366 758 2430 inde
787 2365 953 2430 habebitur
982 2367 1080 2452 ipsius
1109 2367 1274 2455 longitudo
1303 2367 1410 2432 media
1440 2381 1473 2433 et

184 2479 330 2543 distantia
354 2481 421 2563 ejus
435 2477 540 2541 media
564 2478 604 2541 ab
632 2478 776 2563 Apogaeo
804 2497 859 2540 seu
888 2475 1043 2539 anomalia
1063 2476 1167 2540 media
1192 2476 1320 2540 dabitur
1341 2498 1384 2540 ex
1408 2477 1471 2564 qui

184 2587 298 2653 deinde
328 2599 455 2652 eruetur
483 2586 638 2651 anomalia
662 2598 833 2672 ooaequata
864 2607 900 2649 ac
928 2584 1061 2670 proinde
1089 2586 1254 2674 longitudo
1282 2608 1357 2652 vera
1389 2587 1472 2654 Solis

183 2695 361 2760 habebitur.

224 2811 277 2867 44.
302 2802 388 2879 Quia
408 2802 483 2867 verb
501 2802 569 2866 dies
586 2802 709 2868 Solares
724 2813 797 2867 sunt
811 2802 979 2888 inaequales
995 2805 1074 2888 (15),
1090 2827 1217 2870 necesse
1231 2818 1280 2870 est
1293 2818 1330 2870 ut
1343 2817 1469 2890 tempus

182 2930 334 2995 apparens
356 2908 442 2995 quod
462 2908 572 2973 diebus
594 2908 746 2973 solaribus
768 2921 899 2986 constat,
922 2909 1000 2973 fluat
1012 2911 1096 2973 enim
1111 2911 1350 2998 inaequabiliter.
1395 2910 1469 2977 Dif-

182 3018 313 3083 ferentia
334 3041 405 3105 quoe
426 3032 474 3082 est
495 3020 576 3083 inter
596 3032 719 3104 tempus
739 3040 894 3103 apparens
914 3041 970 3082 seu
991 3041 1100 3083 verum
1118 3033 1151 3084 et
1172 3034 1298 3106 tempus
1313 3019 1469 3107 aequabile

181 3150 237 3191 seu
258 3126 397 3191 medium
418 3126 532 3190 dicitur
546 3128 681 3212 aequatio
695 3126 845 3211 temporis
861 3124 921 3210 quir
937 3125 1113 3212 indigemus
1128 3139 1164 3191 ut
1178 3140 1302 3216 tempus
1326 3125 1469 3190 medium

181 3246 378 3300 convertatur
392 3234 425 3296 in
439 3245 562 3316 tempus
573 3255 726 3317 apparens
737 3245 769 3296 et
779 3232 846 3295 vice
856 3231 954 3309 versi,
968 3232 1101 3319 ideoque
1113 3247 1149 3298 ut
1159 3236 1286 3300 invento
1300 3236 1372 3299 loco
1385 3233 1468 3300 Solis

180 3369 239 3433 pro
253 3358 394 3430 tempore
408 3343 523 3421 medio,
539 3343 713 3406 inveniatur
727 3342 820 3405 etiam
834 3362 894 3424 pro
909 3353 1050 3425 tempore
1065 3366 1140 3408 vero
1154 3357 1187 3408 et
1201 3342 1320 3409 contri.

222 3462 274 3518 45.
314 3453 362 3516 Sit
390 3450 431 3527 T,
460 3450 543 3514 Coeli
569 3463 600 3514 et
625 3449 736 3514 Terrae
764 3461 905 3511 centrum

181 3562 212 3626 Τ
239 3562 275 3639 Ζ,
302 3559 431 3645 planum
457 3558 616 3622 immobile
643 3557 751 3622 circuli
777 3556 905 3640 alicujus

179 3669 307 3746 horarii,
324 3680 356 3726 ‘r
375 3667 413 3731 M
427 3682 461 3721 st
479 3667 509 3731 N
524 3680 674 3752 aequotor‚
691 3678 722 3725 ‘t’
741 3667 807 3732 S·
822 3680 855 3719 Δ
873 3672 903 3730 ἀ

180 3778 331 3863 ecliptica,
361 3779 384 3843 S
416 3776 481 3852 Sol,
511 3787 543 3833 ψ
576 3780 599 3839 S
630 3774 712 3839 Solis
741 3773 905 3861 longitudo

182 3909 264 3962 vera,
288 3899 319 3945 ‘t‘
339 3911 353 3951 s
376 3885 515 3971 ejusdem
537 3881 700 3969 longitudo
719 3882 830 3959 media,
854 3883 905 3946 cui

180 3995 307 4079 aequalis
322 3995 463 4078 capiatur
477 4015 567 4055 arcus
581 3991 748 4077 aequatoris
763 4003 794 4049 ‘t‘
813 3990 861 4067 M,
872 4005 903 4056 et

181 4115 212 4162 ‘t’
230 4103 263 4167 D
286 4103 326 4165 sit
349 4103 430 4168 Solis
448 4101 587 4165 ascensio
607 4112 692 4162 recta
707 4121 788 4162 vera.
834 4099 904 4163 Du·
953 4100 987 4159 Ύ

180 4223 291 4275 cantur
313 4210 353 4274 ad
374 4225 491 4295 puncta
511 4207 639 4272 mobilia
662 4206 700 4270 M
723 4220 754 4271 et
775 4207 808 4271 D
824 4208 902 4272 radii

179 4319 347 4406 aequatoris
363 4318 394 4381 T
407 4319 444 4381 M
460 4332 492 4381 et
507 4316 538 4380 T
548 4317 581 4380 D
596 4317 649 4402 qui
664 4338 787 4399 semper
798 4336 903 4379 move-

178 4442 270 4491 antur
285 4448 356 4490 cum
370 4427 494 4510 pmrctis
512 4425 648 4499 Metu,
665 4425 696 4486 in
712 4445 903 4508 consequen·

177 4536 230 4598 tia.
292 4534 452 4609 Quoniam
489 4547 628 4617 aequator
663 4553 719 4616 per
749 4530 898 4594 circulum

178 4642 336 4706 horarium
366 4640 397 4704 T
428 4641 462 4714 Z,
493 4653 581 4704 motu
610 4640 755 4727 aequabili
785 4639 898 4703 diurno

176 4751 289 4836 nempe
303 4750 358 4837 qui
372 4749 409 4813 fit
423 4749 463 4812 ab
478 4747 596 4811 oriente
611 4749 644 4812 in
658 4748 862 4818 occidentem.
878 4750 1007 4819 transit:
1023 4752 1047 4815 si
1064 4766 1215 4836 punctum
1227 4753 1261 4818 D
1272 4755 1467 4822 ascensionis

960 3523 983 3585 Z
