3330 5692
182 558 224 614 90
486 544 826 613 PHILOSOPHIAE
851 545 1128 611 NATURALIS
1159 542 1484 626 [Druidarum.

182 731 261 795 turis
285 736 356 816 (per
372 727 478 793 Corol.
496 736 547 792 10.
565 726 661 810 Prop.
678 725 818 805 LXVI.)
842 722 937 809 quam
952 723 985 785 in
999 722 1151 809 syzygiis:
1175 735 1207 786 et
1227 735 1332 788 motus
1355 724 1485 790 medius

183 837 304 901 tardior
323 837 356 898 in
376 833 528 920 perihelio
550 833 661 898 Terrae
683 838 754 917 (per
771 831 877 896 Corol.
894 839 924 895 6.
944 829 1038 913 Prop.
1061 828 1203 909 LXVI.)
1220 827 1315 915 qudm
1329 831 1366 894 in
1380 833 1484 918 ipsius

183 945 318 1030 aphelio.
364 945 469 1030 Atque
483 943 535 1007 hae
550 955 624 1007 sunt
638 941 862 1027 inaequalitates
878 939 1063 1026 insigniores
1079 939 1119 1002 ab
1134 942 1321 1005 astronomis
1337 953 1473 1009 notatae.

227 1055 311 1119 Sunt
332 1054 425 1117 etiam
448 1053 517 1116 aliae
540 1051 684 1138 quaedam
700 1052 738 1137 (¹)
755 1075 774 1115 a
787 1051 945 1135 prioribus
960 1051 1145 1114 astronomis
1160 1073 1225 1115 non
1240 1053 1418 1118 observatae
1432 1056 1485 1118 in-

181 1162 382 1248 aequalitates,
407 1160 521 1245 quibus
543 1171 647 1222 motus
669 1158 795 1222 lunares
817 1157 897 1222 adeo
917 1158 1151 1242 perturbantur,
1172 1172 1208 1223 ut
1221 1160 1308 1225 nulli
1323 1160 1483 1230 hactenus

181 1271 252 1359 lege
273 1271 314 1336 ad
336 1271 477 1358 regulam
500 1270 637 1356 aliquam
651 1268 759 1333 reduci
780 1269 948 1354 potuerint.
994 1268 1185 1333 Velocitates
1201 1271 1285 1334 enim
1301 1295 1360 1336 seu
1374 1287 1483 1339 motus

180 1378 298 1442 horarii
320 1377 443 1465 apogaei
465 1390 498 1442 et
519 1377 675 1440 nodorum
698 1376 809 1454 Lunae,
834 1389 865 1440 et
885 1377 1058 1440 eorundem
1073 1378 1273 1463 aquationes,
1290 1392 1374 1445 utet
1388 1381 1483 1448 diffc-

180 1487 281 1551 rentia
301 1488 382 1550 inter
404 1485 664 1550 eccentricitatem
685 1485 854 1549 maximam
874 1486 906 1548 in
922 1486 1055 1573 syzygiis
1069 1499 1101 1550 et
1115 1487 1277 1552 minimam
1292 1490 1324 1552 in
1341 1491 1482 1578 quadra-

180 1596 268 1673 turis,
286 1608 318 1660 et
332 1595 526 1682 inaequalitas
547 1618 618 1681 quae
632 1595 762 1658 variatio
773 1594 895 1670 dicitur,
907 1607 1062 1681 augentur
1081 1617 1118 1658 ac
1128 1594 1348 1663 diminuuntur
1358 1621 1482 1666 armun-

179 1703 236 1765 tim
252 1707 322 1787 (per
339 1703 444 1767 Corol.
464 1712 513 1766 14.
531 1702 627 1787 Prop.
645 1701 785 1784 LXVI.)
805 1703 839 1765 in
854 1701 1008 1787 triplicati
1024 1703 1146 1767 ratione
1161 1703 1304 1770 diametri
1319 1729 1481 1794 appareu-

180 1809 220 1872 tis
246 1808 365 1873 solaris.
421 1810 465 1874 Et
490 1810 619 1874 variatio
644 1821 798 1894 praeterea
823 1823 955 1896 augetur
978 1809 1027 1873 vel
1051 1809 1235 1875 diminuitur
1261 1811 1294 1876 in
1315 1813 1480 1901 duplicat

182 1916 303 1980 ratione
329 1917 478 2001 temporis
501 1917 583 1981 inter
608 1917 813 2002 quadraturas
835 1940 928 2003 quam
952 1916 1098 2003 proxime
1123 1922 1193 2003 (per
1216 1919 1323 1984 CoroI
1343 1932 1373 1987 l.
1393 1938 1428 1990 et
1447 1932 1478 1990 2.

182 2023 273 2088 Lem.
296 2024 341 2087 X.
365 2036 397 2088 et
421 2024 527 2088 Corol.
553 2033 602 2090 16.
628 2024 723 2109 Prop.
747 2024 873 2090 LXVI.
891 2024 962 2088 Lib.
985 2024 1027 2106 I.)
1054 2023 1110 2088 sed
1129 2023 1198 2088 haec
1221 2027 1420 2114 inaequalitas
1447 2032 1482 2098 in

182 2129 302 2195 calculo
329 2131 538 2196 astronomico
561 2131 602 2196 ad
623 2131 888 2216 prostaphaeresin
918 2132 1021 2196 Lunoe
1045 2131 1154 2196 referri
1178 2133 1266 2214 solet,
1291 2149 1323 2201 et
1346 2160 1422 2204 cum
1440 2140 1480 2207 ed

181 2236 342 2302 confundi.
1264 2240 1282 2293 tt

419 2493 706 2560 PROPOSITIO
729 2493 867 2558 XXIII.
913 2493 1175 2559 PROBLEMA
1197 2495 1239 2561 V.

203 2682 309 2747 Motus
323 2684 487 2766 iuaequoles
501 2683 664 2746 satellitum
677 2681 763 2748 Jouis
778 2690 807 2744 et
821 2682 950 2746 Saturni
963 2703 983 2743 a
997 2680 1122 2744 motibus
1137 2681 1296 2748 lunaribus
1310 2685 1461 2751 dere'm

225 2887 278 2953 Ex
299 2889 436 2953 motibus
459 2889 562 2952 Lunae
583 2900 700 2952 nostrae
715 2899 819 2952 motus
835 2887 960 2976 analogi
974 2887 1119 2950 lunarum
1135 2908 1191 2950 seu
1205 2886 1376 2954 satellitum
1389 2889 1476 2956 Jovir

181 2997 226 3061 sic
247 2997 437 3061 deriuantur.
483 2997 594 3063 Motus
616 2997 738 3061 medius
761 2997 917 3061 nodorum
938 2995 1077 3061 satellitis
1091 2997 1200 3061 extimi
1215 2997 1353 3083 jovialis,
1375 2998 1474 3064 estad

180 3118 301 3168 motum
322 3105 460 3169 medium
481 3105 638 3169 nodorum
655 3107 757 3168 Lunae
771 3118 897 3183 nostrae,
921 3105 954 3167 in
975 3104 1095 3168 ratione
1111 3104 1283 3189 compositi
1299 3128 1341 3170 ex
1356 3107 1474 3171 ratione

181 3211 337 3297 duplicati
358 3213 506 3297 temporis
530 3212 682 3298 periodici
705 3212 817 3276 Terrae
841 3213 923 3275 circa
946 3212 1052 3276 Solem
1072 3210 1113 3275 ad
1135 3225 1259 3297 tempus
1279 3215 1473 3299 periodicum

180 3320 268 3384 Jovis
291 3320 375 3383 circa
398 3319 515 3397 Solem,
539 3333 571 3384 et
593 3321 713 3383 ratione
736 3319 870 3404 simplici
892 3320 1043 3402 temporis
1061 3320 1212 3404 periodici
1231 3322 1373 3387 satellitis
1395 3324 1473 3388 circa

180 3431 294 3495 lovem
316 3430 356 3493 ad
378 3444 501 3515 tempus
522 3430 717 3513 periodicum
733 3431 835 3494 Lunoe
850 3431 933 3493 circa
948 3430 1082 3495 Terram
1098 3436 1167 3516 (per
1183 3431 1291 3495 Corol.
1309 3441 1362 3498 16.
1379 3433 1473 3517 Prop.

182 3537 307 3602 LXVI.
324 3536 397 3602 Lib.
415 3537 455 3619 I.)
479 3537 519 3621 (ὓ)
536 3538 670 3624 ideoque
686 3538 776 3600 annis
791 3549 918 3601 centum
933 3536 1060 3601 conficit
1074 3537 1175 3601 nodus
1190 3539 1248 3602 iste
1264 3548 1283 3603 8
1299 3561 1349 3627 gr.
1365 3543 1418 3605 24‘
1441 3541 1473 3605 in

212 3731 247 3796 (¹)
260 3736 274 3763 θ
288 3734 312 3781 Α
325 3734 442 3794 prioribus
458 3734 595 3780 astronomo
612 3749 661 3780 uon
676 3733 805 3780 ulmeta.
843 3730 1145 3779 Terramdierumvraal.
1157 3730 1241 3795 (Ptop.
1254 3731 1369 3795 xvn.)
1388 3733 1473 3797 Seu*

181 3796 355 3859 lnequelmae
365 3797 412 3843 itte
423 3812 481 3858 quas
490 3797 529 3843 hic
540 3811 581 3858 per
591 3805 739 3843 uanaennam
750 3812 808 3844 euu.
841 3795 916 3859 uiaque
927 3794 1079 3859 logarithmia,
1090 3795 1135 3842 erit

180 3872 254 3908 meras
266 3861 403 3915 Neamnus,
416 3861 603 3923 aquationeaque
613 3876 695 3908 omues
705 3876 745 3907 seu
757 3876 808 3908 ccr-

180 3924 293 3972 rectionea
302 3925 412 3987 deinceps
422 3925 569 3973 commodius
582 3924 768 3986 explicabuntur,
786 3936 810 3973 et
1014 3923 1044 3971 1.
1059 3924 1203 3987 (3653565)
1215 3927 1228 3954 ²
1239 3943 1274 3970 =
1285 3929 1429 3977 atastssu

179 3987 300 4050 quomcdd
316 3991 410 4037 verium
426 3990 503 4037 Luna
517 3990 547 4038 ad
560 3990 769 4051 proatrupbreredm
784 3990 809 4036 in
1015 3988 1045 4035 L.
1094 3993 1198 4037 lacaao
1239 4007 1274 4036 =
1289 3995 1427 4039 13994048

180 4052 272 4099 calculo
292 4053 446 4102 astronomica
467 4053 546 4102 referri
568 4055 648 4110 soleat,
670 4064 806 4115 exponetur.
1286 4078 1431 4096 -....-

182 4116 287 4164 Variatio
297 4128 376 4166 autem
387 4117 473 4166 dicimr
483 4119 628 4181 inequalitas
639 4116 679 4164 illa
689 4117 737 4180 qua
747 4117 774 4164 flt
782 4128 809 4165 ut
998 4117 1122 4179 utriusque
1131 4131 1224 4164 summa
1238 4125 1430 4171 aalma!

180 4191 260 4228 Μ’
280 4181 357 4228 ω’
375 4183 400 4229 ⁵¹¹
414 4183 491 4244 ¹¹¹³¹¹¹⁰
506 4183 593 4230 mensis
608 4182 744 4247 ‘¹me
760 4183 808 4229 ⁵³⁹⁶
905 4213 999 4263 Danda
1015 4215 1045 4262 ι.
1059 4215 1203 4280 (assarta)
1215 4217 1227 4245 ²
1238 4234 1273 4261 =
1285 4220 1429 4268 astarem

180 4254 292 4320 pergeme
309 4245 380 4293 Luni
394 4247 585 4323 aconjupctioue
598 4247 629 4295 ad
642 4246 808 4309 quadraturam
1012 4279 1043 4326 L·
1106 4284 1192 4328 mm
1238 4298 1272 4325 =
1286 4285 1428 4333 mmm

181 4323 311 4368 proximam
332 4310 467 4368 retardetur,
492 4327 517 4358 rn
541 4311 644 4360 secundo
669 4312 809 4358 acceleretur

180 4372 239 4421 dum
256 4372 331 4422 audit
348 4390 363 4421 a
493 4376 519 4423 ri
536 4376 566 4423 ad
583 4375 760 4436 oppositionem,
782 4374 808 4421 in
1039 4409 1044 4419 .
1237 4427 1272 4439 -

180 4438 249 4485 terrio
263 4374 492 4488 medeturqurffi'
500 4450 524 4488 er
537 4441 562 4487 in
576 4451 660 4504 quarto
671 4439 757 4486 iterum
769 4454 808 4486 ec.
999 4417 1120 4471 ΜΨ*
1130 4423 1223 4455 'um
1237 4441 1273 4454 ·“
1285 4414 1427 4461 ⁸'⁷⁰⁹⁹⁵⁶⁶

179 4502 300 4550 coleretur.
844 4503 938 4553 acute
950 4503 1193 4553 ultimleubtrehatur
1203 4521 1269 4554 aum·

213 4565 248 4630 (i)
261 4571 274 4598 ·
290 4568 387 4630 ldelqae
397 4571 468 4616 aunis
477 4579 579 4618 centum.
615 4570 720 4629 Tempus
733 4568 809 4629 perio-
936 4585 975 4617 ma
984 4569 1089 4630 superior
1129 4599 1141 4609 -
1180 4598 1192 4609 -
1231 4597 1241 4610 ·
1283 4576 1428 4625 63475999

180 4630 260 4678 dicum
272 4631 352 4678 Terra
362 4630 423 4679 circu
435 4633 512 4681 Solem
523 4644 558 4680 eat
568 4633 660 4681 dierum
671 4636 807 4692 865.2565;
1282 4661 1428 4678 —-—

179 4705 274 4755 tempus
284 4695 427 4756 periodicum
435 4697 502 4745 Iovis
511 4696 573 4745 circl
583 4698 661 4745 Solem
671 4709 706 4745 est
716 4697 808 4745 dierum
1017 4698 1137 4746 residuum
1148 4699 1192 4747 erit
1235 4699 1265 4746 1.
1284 4706 1426 4752 2362336'1

180 4765 302 4808 ceraste
318 4764 371 4822 (per
386 4761 467 4808 mea
484 4761 544 4822 1v.)
558 4772 651 4821 tempus
665 4763 808 4822 periodicum

179 4823 286 4875 militia
299 4822 362 4872 circu
375 4826 462 4874 Jcrem
475 4835 510 4872 eet
524 4825 616 4873 (lienam
634 4832 739 4875 lucano
759 4830 811 4890 (per
877 4827 922 4875 Cui
941 4827 1064 4888 respondet
1083 4843 1195 4876 nummus
1213 4833 1309 4877 παπ·
1346 4830 1430 4888 Quare
1444 4846 1474 4880 aa

183 4887 265 4937 I'baa.
280 4888 333 4952 11.)
349 4898 373 4938 et
389 4899 482 4952 tempus
497 4889 641 4952 periodicum
657 4891 735 4940 Luna
751 4889 812 4939 circi
842 4893 887 4938 hoc
901 4890 993 4940 cdculo
1008 4903 1032 4942 ea
1047 4892 1156 4957 anuogu
1172 4892 1283 4942 uerunt
1299 4903 1366 4956 patet
1381 4907 1474 4946 m
