3330 5692
304 580 345 639 ³4
600 515 940 638 PHILOSOPHIAE
966 567 1237 635 NATURALIS
1269 564 1594 650 [DaMursn.Srsr.

303 742 364 808 htc
378 743 448 832 lege
468 745 622 833 gravitare
642 745 793 810 deberent
814 744 847 806 in
869 765 903 808 se
916 742 1036 821 mutub,
1059 741 1132 807 edm
1152 755 1258 807 tamen
1278 741 1432 828 ejusmodi
1452 743 1592 830 gravitas

304 851 484 938 neutiquam
498 852 664 916 sentiatur:
680 849 856 936 respondeo
870 849 956 936 quod
969 850 1104 937 gravitas
1118 850 1152 912 in
1166 847 1236 913 hmo
1247 869 1389 934 oorpora,
1404 845 1479 913 crim
1491 848 1536 913 sit
1549 848 1592 914 ad

303 961 486 1046 gravitatem
501 961 534 1022 in
543 960 677 1025 Terram
688 972 785 1025 totam
800 972 835 1023 ut
850 972 923 1023 sunt
936 957 1005 1022 haee
1019 979 1152 1044 corpora
1164 957 1206 1022 ad
1218 957 1351 1022 Terram
1368 969 1478 1035 totam,
1492 954 1591 1045 louge

304 1067 408 1130 minor
421 1079 469 1130 est
483 1064 578 1153 quim
593 1089 665 1153 quae
679 1068 787 1131 sentiri
801 1067 909 1152 possit.

347 1175 446 1238 Corol.
463 1182 493 1237 2.
517 1174 693 1239 Gravitatio
714 1174 747 1236 in
769 1173 907 1260 singulas
928 1172 1069 1258 corporis
1089 1172 1258 1256 particulas
1279 1171 1416 1259 (equales
1437 1183 1487 1237 est
1507 1173 1592 1238 reci·

302 1284 397 1370 proci
418 1299 454 1351 ut
475 1285 661 1372 quadratum
674 1283 832 1348 distantiae
846 1283 988 1348 locorum
1002 1305 1022 1347 a
1035 1282 1205 1367 particulis.
1254 1282 1347 1348 Patet
1359 1303 1418 1368 per
1432 1281 1544 1347 Corol.
1559 1291 1591 1348 8.

304 1392 401 1478 Prop.
419 1391 580 1457 LXXIV.
597 1392 669 1456 Lib.
687 1390 714 1455 Ι.

525 1723 809 1791 PROPOSITIO
832 1723 927 1788 VIII.
976 1721 1248 1788 THEOREMA
1270 1721 1366 1787 V111.

303 1933 339 1996 si
348 1930 501 2015 globorum
512 1932 635 1993 daonm
647 1932 680 1993 in
693 1950 725 1992 se
734 1925 833 1992 muno
843 1930 1065 2013 gravitants'um
1075 1931 1206 1993 materia
1216 1929 1347 2013 undique
1356 1929 1393 1992 iss
1404 1931 1590 2014 regionibus,

346 2061 414 2124 quae
426 2062 448 2103 a
462 2040 573 2103 centris
586 2040 744 2123 aqualiter
758 2038 884 2114 distant,
898 2039 1078 2121 hosuogeuea
1091 2039 1154 2100 sit.-
1177 2037 1236 2100 erit
1243 2036 1365 2118 pondus
1374 2035 1463 2119 globi
1474 2039 1592 2103 altent-

345 2150 425 2213 rrius
439 2150 473 2211 in
486 2150 613 2212 alienam
626 2144 777 2231 reciproce?
789 2156 824 2210 ut
838 2150 1018 2231 quadratum
1033 2148 1189 2210 fidantius
1206 2147 1288 2210 iuter
1300 2155 1417 2210 cerba.

348 2353 518 2442 Postquam
539 2355 724 2418 invenissem
747 2354 931 2440 gravitatem
951 2355 985 2417 in
1005 2354 1163 2440 planetam
1184 2363 1285 2417 totum
1305 2352 1382 2417 oriri
1396 2364 1429 2418 et
1443 2357 1593 2441 oomponi

305 2481 346 2524 ex
359 2461 561 2548 gravitatibus
582 2461 616 2523 in
637 2472 742 2545 partes
750 2483 759 2536 ;
783 2473 814 2524 et
828 2482 895 2524 esse
913 2460 946 2523 in
960 2473 1066 2545 partes
1080 2459 1219 2548 singulas
1234 2459 1395 2545 reciproci
1408 2463 1591 2546 proportio-

303 2567 408 2631 nalem
432 2566 590 2654 quadratis
615 2566 832 2631 distantiarum
857 2589 877 2631 a
900 2567 1060 2652 partibus:
1081 2567 1264 2631 dubitabam
1288 2589 1329 2630 an
1351 2568 1514 2653 reciprooa
1536 2569 1593 2633 ills

303 2673 466 2759 proportio
480 2673 637 2759 duplicata
651 2674 805 2738 obtineret
819 2672 962 2738 accurati
977 2674 1010 2738 in
1025 2674 1056 2738 vi
1075 2674 1140 2739 toti
1155 2697 1196 2739 ex
1210 2673 1326 2738 vinbus
1339 2673 1485 2760 pluribus
1501 2698 1592 2743 corn·

302 2780 415 2868 positi,
438 2803 479 2845 an
500 2779 575 2845 verb
596 2803 690 2867 quam
709 2779 865 2866 proximi.
911 2780 995 2846 Nam
1017 2781 1086 2846 fieri
1104 2793 1211 2868 posset
1224 2793 1260 2846 ut
1272 2783 1446 2868 proportio,
1470 2805 1544 2868 quae
1557 2785 1593 2848 in

303 2984 449 3046 superficiem
475 2988 695 3049 perpendiculariter
721 2986 861 3052 dirigeretur
885 3002 929 3048 per
965 2987 1100 3047 damnali
1114 2988 1196 3037 c²sd
1208 2989 1231 3036 E
1245 2989 1284 3037 θ’
1293 2988 1380 3102 prm
1394 2987 1522 3038 mlv,
1536 2990 1593 3041 Hs·

304 3059 391 3096 rectam
409 3050 518 3106 BEc;
534 3053 559 3100 in
576 3052 872 3113 ipsiTellurissuperflcia
887 3052 928 3100 ad·
966 3052 1008 3113 1.).
1046 3053 1279 3113 QusrdponendoB
1321 3056 1334 3084 ²
1351 3051 1382 3100 sd
1396 3053 1419 3101 E
1432 3053 1474 3102 (ξ’
1490 3064 1519 3102 ut
1532 3054 1592 3106 BC

304 3112 374 3160 datur
389 3115 478 3175 sphera
495 3115 526 3174 Τ,
544 3117 635 3166 Telluri
649 3117 797 3180 bomogensa
811 3117 930 3178 triumque
963 3117 994 3162 sd
1015 3117 1037 3164 B
1056 3118 1089 3173 D,
1108 3129 1170 3163 recta
1189 3117 1250 3164 BD
1269 3116 1386 3164 exhibebit
1406 3116 1546 3180 gramm
1565 3119 1593 3167 in

966 3180 1064 3228 Terram
1074 3181 1098 3226 in
1110 3180 1162 3227 loeo
1179 3181 1210 3238 B,
1226 3197 1254 3229 ac
1265 3179 1363 3242 proindd
1373 3181 1490 3242 completo
1498 3191 1593 3231 reema.

966 3244 1024 3305 gulo
1036 3245 1058 3293 T
1071 3244 1093 3291 B
1108 3242 1134 3291 Ι)
1147 3246 1181 3299 Δ,
1193 3245 1311 3307 gravitatis
1324 3243 1528 3307 directioeritper
1541 3245 1593 3295 dia·

965 3308 1073 3370 gunalem
1088 3307 1109 3354 B
1124 3309 1146 3354 A
1160 3310 1210 3372 (41.
1226 3308 1278 3357 Lib.
1295 3308 1338 3371 1.).
1368 3308 1424 3358 Jam
1434 3309 1461 3356 in
1471 3310 1594 3423 Ἥ

966 3371 1502 3434 reetauguloBAD‚estBDedADut

965 3434 1232 3500 edtangsntemaoguli
1251 3437 1356 3485 ΗΒΑ.
1392 3434 1592 3492 Quaenam-

966 3498 1023 3546 luris
1037 3499 1207 3548 sernidiameter
1216 3500 1339 3549 mediocris
1351 3499 1444 3548 estferd
1463 3506 1525 3550 ms
1540 3501 1593 3551 len.

966 3578 1046 3611 oerum
1062 3564 1204 3611 marinarum
1222 3567 1332 3628 (quarum
1348 3579 1432 3626 nempe
1442 3565 1528 3629 rigind
1537 3580 1592 3631 gra»

966 3627 1024 3674 dum
1035 3628 1158 3689 eomplent,
1167 3643 1217 3676 uno
1227 3630 1317 3676 marino
1326 3628 1420 3676 milliari
1430 3627 1528 3693 singulo
1536 3644 1593 3694 gra-

967 3691 1012 3738 dus
1022 3693 1114 3739 minuto
1124 3692 1283 3755 respondenti)
1295 3693 1351 3753 poni
1361 3693 1431 3741 etiam
1441 3703 1520 3754 potest
1528 3702 1594 3743 resta

970 3755 1029 3803 BD
1046 3756 1141 3818 equalis
1159 3757 1223 3814 Ec,
1240 3754 1397 3819 idebqueerit
1411 3756 1441 3803 sd
1459 3756 1526 3816 ΤΒ,
1542 3757 1594 3807 sive

969 3820 1332 3875 BDsdADuttmosdl.
1349 3819 1593 3887 umspodumgs·

966 3884 1004 3930 lus
1025 3884 1130 3941 ABI),
1148 3885 1234 3933 minuti
1252 3885 1321 3946 primi
1340 3899 1394 3932 eram
1413 3883 1519 3934 dutum
1565 3885 1593 3935 8

966 3948 1044 4011 itque
1059 3948 1111 3996 loeo
1121 3950 1217 4008 sphera
1228 3950 1258 4002 T.
1276 3948 1419 4013 intelligatur
1428 3962 1497 3996 mons

967 4014 1133 4075 cujuscumque
1148 4012 1232 4075 figura
1246 4014 1314 4076 cujus
1329 4012 1434 4060 attractio

966 4077 1096 4126 &uacuum
1111 4076 1232 4138 ipsiusmet
1247 4077 1350 4138 spbare,
1364 4075 1495 4137 pendulum
1509 4078 1542 4126 ad
1554 4093 1593 4127 rs·

967 4139 1044 4189 dioem
1065 4140 1162 4204 hujusce
1182 4141 1269 4188 montis
1289 4139 1441 4188 constitutum
1460 4140 1483 4204 ej
1503 4142 1594 4190 nuath

965 4215 1089 4253 attractum
1106 4203 1205 4252 deviabit
1219 4221 1233 4252 a
1247 4203 1413 4266 perpendiculo
1427 4203 1504 4268 mgis
1518 4203 1594 4269 quim

966 4269 1052 4318 minuti
1073 4268 1145 4316 unius
1166 4268 1234 4330 primi
1255 4268 1383 4316 intervallo.
1430 4268 1491 4316 11oe
1511 4280 1594 4318 uatem

966 4334 1079 4382 musmo
1089 4334 1166 4380 minor
1176 4333 1222 4386 liet,
1239 4333 1258 4378 si
1273 4332 1402 4393 pendulum
1413 4331 1438 4380 in
1449 4342 1527 4393 putea
1536 4348 1594 4383 θαι·

966 4398 1047 4446 trarias
1062 4399 1092 4445 ab
1108 4396 1159 4444 aliis
1172 4396 1291 4445 montibus
1304 4395 1474 4456 circumpositis
1483 4398 1593 4455 tratum,

966 4461 985 4506 si
996 4460 1097 4508 dendus
1107 4461 1207 4520 parium
1217 4461 1361 4508 intemerum
1374 4460 1460 4516 Terra,
1477 4463 1554 4526 major
1563 4463 1595 4511 sis

199 4540 207 4554 “
306 4526 442 4575 milliarium
469 4526 517 4571 sive
534 4523 608 4570 leuce
625 4521 697 4570 unius
712 4521 808 4569 marina
822 4521 933 4570 diametro
966 4523 1037 4586 quim
1048 4523 1150 4572 densitas
1160 4526 1261 4585 partium
1271 4526 1364 4582 montis,
1379 4525 1480 4586 denique
1490 4541 1520 4573 ea
1531 4526 1594 4602 pira-

306 4591 420 4652 descripta
435 4603 507 4653 quam
523 4597 605 4650 tangas
620 4598 683 4634 recta
701 4587 723 4634 B
737 4587 759 4634 E
773 4587 809 4645 ῦς
826 4586 933 4650 designet
969 4587 1049 4635 midaii
1067 4588 1183 4636 montium
1202 4588 1286 4649 agust,
1308 4589 1404 4652 aliisque
1425 4589 1486 4636 sorte
1506 4605 1593 4648 enims,

309 4655 366 4704 lic
382 4654 431 4701 rim
448 4651 567 4717 gravitatis
576 4650 601 4697 in
612 4651 663 4711 ipss
673 4650 795 4712 superficie
806 4651 894 4707 Terra,
911 4662 934 4698 et
967 4652 1021 4699 bine
1039 4651 1166 4700 admodum
1185 4652 1280 4700 difficile
1297 4663 1325 4699 ut
1341 4653 1526 4712 perturbatione
1545 4654 1594 4702 ill·

307 4717 439 4783 designabit
462 4716 520 4764 ΤΒ
541 4716 677 4776 gravitatem
700 4716 724 4761 in
745 4716 795 4776 ipsa
813 4715 934 4777 superlicio
967 4715 1084 4764 sensibiles
1102 4717 1160 4763 fiant
1178 4717 1222 4763 nisi
1244 4716 1269 4763 in
1287 4716 1395 4762 maximis
1408 4717 1545 4777 monebu„
1564 4731 1595 4766 ut

309 4786 404 4844 epum
416 4780 534 4846 T(I’rop.
550 4777 669 4825 txxu.
685 4778 738 4825 Lib.
754 4779 789 4841 1.)
800 4779 934 4845 gravitasin
966 4779 1037 4826 etiarn
1064 4780 1140 4827 Duas,
1174 4781 1288 4843 Bouguer
1318 4781 1479 4828 attractionem
1504 4783 1594 4829 montis

310 4849 342 4907 a,
358 4848 384 4894 in
397 4844 518 4895 Tellurem
528 4841 573 4890 erit
583 4840 612 4888 sd
623 4842 759 4903 gravitatem
770 4844 795 4890 in
810 4844 867 4892 Bin
878 4858 932 4891 eau-
969 4843 1122 4903 Clrirpboraeo
1132 4844 1157 4892 in
1171 4845 1272 4893 Perurio
1281 4845 1412 4893 sensibilem
1423 4843 1582 4906 deprehendit.
