3330 5692
183 541 238 604 xiv
664 540 998 608 INTRODUCTIO
1326 543 1426 623 [Car.
1444 545 1470 608 1.

184 715 253 807 SA
272 713 299 777 B
314 714 403 798 cujus
424 713 538 778 limbus
552 715 584 778 A
600 715 629 778 C
645 716 674 780 B
692 717 726 778 in
739 715 857 804 gradus
871 731 904 781 et
917 719 1038 781 minuta
1059 716 1176 783 divisus
1198 731 1245 781 est
1266 717 1310 782 itd
1324 722 1471 785 statuitur

183 835 217 884 ut
232 820 320 883 filum
337 823 361 887 S
377 822 405 886 C
420 821 455 886 D
469 821 608 906 pondera
624 823 657 886 D
672 838 796 887 tensum
811 824 946 911 ideoque
967 826 1122 903 verticala
1146 826 1276 890 limbum
1299 826 1382 891 illius
1402 841 1471 891 tan·

180 942 244 1015 gat,
260 926 374 992 deinde
389 926 433 992 itt
448 929 577 994 vertinrr
591 942 626 993 ut
640 930 726 994 sidus
743 932 772 995 L
787 933 874 1015 cujus
890 932 1023 996 altitudo
1034 933 1228 1000 observanda
1238 946 1295 1011 est,
1311 934 1471 1021 perdiop-

181 2974 244 3022 trus
259 2966 313 3018 aut
326 2974 383 3038 per
398 2947 601 3032 telescopium
615 2945 706 3010 lateri
724 2947 747 3010 S
765 2946 792 3010 B
807 2946 937 3011 affixum
953 2948 1093 3013 videatur
1108 2951 1141 3014 in
1156 2951 1266 3016 eodem
1285 2953 1383 3018 latete
1400 2956 1423 3020 S
1439 2953 1468 3018 B

181 3064 344 3153 producto.
386 3063 461 3138 Quo
475 3059 567 3137 sacto,
584 3058 718 3151 habetur
732 3078 823 3119 arcus
840 3059 869 3120 A
888 3058 926 3133 C,
943 3080 1089 3123 mensura
1103 3061 1274 3126 altitudinis
1290 3064 1467 3148 apparentis

183 3176 209 3243 L
233 3170 506 3252 Sh3namc1im
530 3168 619 3233 filum
641 3190 658 3231 e
681 3165 862 3252 quadrantis
885 3179 994 3232 centro
1018 3169 1051 3246 S,
1074 3169 1215 3253 pendens
1238 3172 1279 3235 sit
1297 3194 1421 3256 semper
1435 3173 1468 3234 in

179 3281 274 3369 plano
295 3279 444 3357 verticuli,
467 3275 624 3363 quadrans
647 3276 678 3338 A
703 3274 726 3338 S
750 3272 778 3335 B
801 3271 859 3335 erit
881 3272 972 3337 etiam
994 3275 1026 3337 in
1045 3275 1154 3340 eodem
1169 3278 1275 3362 plano,
1292 3279 1399 3363 (Eucl.
1418 3289 1467 3345 18.

182 3388 258 3471 xl.)
274 3388 406 3475 ideoque
428 3385 449 3448 h
470 3406 487 3447 r
508 3383 548 3447 ad
566 3383 589 3448 S
605 3381 638 3447 D
653 3378 932 3465 perpendicularis,
949 3382 1008 3446 erit
1022 3383 1198 3450 intersectio
1212 3387 1384 3452 horizontis
1398 3410 1467 3453 sen·

180 3498 276 3563 nihilis
292 3510 323 3565 ct
336 3495 422 3583 plani
437 3491 591 3559 verticalis
606 3511 663 3574 per
686 3486 716 3552 L
736 3487 831 3565 ducti,
848 3487 941 3574 atque
956 3491 1089 3579 angulus
1106 3493 1136 3559 L
1153 3495 1176 3558 S
1190 3492 1212 3555 h
1228 3493 1338 3557 sideris
1354 3494 1384 3559 L
1398 3493 1467 3558 alti·

180 3607 258 3673 tudo
280 3624 441 3693 regiparens.
484 3599 552 3687 ,sed
575 3599 602 3663 si
623 3598 663 3662 ab
685 3595 807 3684 augulis
829 3597 921 3659 rectis
944 3597 974 3661 L
991 3599 1014 3664 S
1029 3601 1071 3677 A,
1092 3612 1123 3664 et
1138 3599 1160 3662 h
1177 3599 1260 3677 SD,
1277 3598 1468 3664 subducatur

180 3712 353 3779 conuuuuia
368 3712 390 3779 h
408 3713 431 3778 S
447 3711 488 3788 A,
504 3716 668 3774 remanent
681 3703 817 3791 aquales
832 3704 938 3791 anguli
958 3705 988 3769 L
1004 3708 1027 3772 S
1041 3706 1063 3769 h
1078 3720 1111 3772 et
1126 3710 1157 3772 A
1174 3709 1197 3774 S
1213 3708 1262 3784 (ἒς
1284 3707 1378 3793 hujus
1392 3710 1467 3774 vero

180 3841 324 3887 utoumra
338 3833 386 3887 at
399 3840 490 3887 arcus
507 3819 536 3882 A
554 3814 591 3880 0.

226 3934 273 3991 l‘l.
299 3926 387 3992 llinc
409 3923 544 3991 describi
565 3931 671 4008 potest
683 3919 767 3984 linea
781 3919 954 3983 meridiana
968 3919 1064 4006 supra
1077 3944 1172 4008 quam
1187 3923 1213 3986 si
1228 3922 1373 3987 statuitur
1393 3945 1466 4008 per·

179 4030 420 4119 petuliculariter
434 4029 590 4119 quadrans
605 4025 723 4105 circuli,
748 4026 907 4090 observari
921 4027 1037 4111 poterit
1051 4027 1184 4093 altitudo
1197 4028 1371 4092 meridiana
1385 4030 1466 4094 side·

180 4144 233 4209 ria.
281 4140 362 4207 Num
379 4141 567 4207 atteridianus
588 4138 749 4224 portiones
771 4136 841 4200 illas
865 4136 1053 4202 circulorum
1067 4139 1218 4225 oequatori
1232 4138 1464 4223 parallelorum,

180 4272 250 4336 qum
273 4270 368 4334 mpra
389 4246 583 4312 horizontem
604 4244 743 4310 eminent
765 4243 873 4329 etqui
898 4267 987 4309 arcus
1009 4244 1114 4308 diurni
1140 4245 1296 4324 dicuntur,
1321 4245 1465 4311 bifariam

179 4372 262 4424 tacut
277 4365 346 4445 (per
364 4356 413 4422 El.
431 4357 494 4421 xl.
513 4366 563 4424 19.
579 4369 611 4421 et
625 4365 666 4431 4,
691 4367 722 4417 et
738 4353 788 4417 El.
807 4352 872 4416 111.
890 4354 955 4434 30.)
979 4352 1050 4418 edm
1066 4355 1106 4418 sit
1120 4354 1180 4418 illis
1195 4356 1318 4420 circulis
1333 4369 1365 4420 et
1379 4357 1465 4421 hori-

179 4470 261 4535 touti
276 4492 330 4535 tua
345 4490 435 4533 ttrcm
451 4467 629 4531 tenuinanti
649 4462 925 4550 perpendicularis,
940 4476 973 4527 et
986 4477 1152 4547 propterea
1166 4466 1191 4528 si
1206 4467 1238 4528 in
1254 4466 1372 4529 circulo
1386 4489 1465 4552 quo·

180 4574 255 4643 libet
281 4576 396 4642 diurno
420 4588 582 4639 sumantur
605 4586 722 4659 puncta
747 4571 811 4634 duo
838 4569 912 4633 hinc
938 4571 1011 4634 inde
1037 4573 1188 4637 orientem
1215 4585 1246 4636 et
1270 4572 1465 4638 occidentem

180 4682 285 4750 verule
300 4709 319 4748 u
334 4682 507 4749 meridiano
522 4681 760 4766 mquidistantia,
776 4701 814 4742 ea
827 4691 1044 4761 punctaeruut
1055 4702 1150 4764 supra
1160 4681 1352 4744 horizontem
1368 4683 1465 4746 sensi-

181 4792 274 4857 bilem
290 4790 380 4862 autul
395 4790 468 4867 alta,
485 4800 516 4852 et
530 4789 639 4851 contri
654 4791 680 4851 si
696 4786 785 4874 teque
800 4784 948 4862 alta‘sint
972 4809 990 4849 a
1005 4787 1177 4851 meridiano
1192 4789 1265 4852 hinc
1280 4790 1352 4854 inde
1367 4792 1464 4879 requi·
