3330 5692
407 603 412 615 “
483 601 673 667 FLUXUS
696 604 757 667 Ac
782 603 1036 671 REFLUXUS
1059 605 1217 672 MARIS.
1428 615 1491 676 297

202 775 426 850 observantur3
448 778 535 860 cujus
551 776 678 861 quidem
693 776 909 840 retardationis
924 799 1016 841 causa
1030 779 1064 840 in
1078 777 1145 861 ipsi
1160 799 1250 864 aquae
1265 777 1374 843 inertid
1390 780 1494 862 posita

204 906 272 946 esse
286 882 386 967 primi
402 884 496 946 etiam
510 881 612 945 fronte
626 884 822 968 perspicitur.

247 1000 270 1074 t·
288 1002 338 1061 ts.
364 993 574 1068 Quantumvis
598 1005 702 1056 autern
727 993 855 1079 agitatio
880 991 976 1056 maris
1000 992 1033 1056 in
1056 991 1306 1076 precedentibus
1329 992 1494 1079 Capitibus

204 1102 410 1166 determinata
424 1103 464 1168 ab
479 1102 746 1165 observationibus
758 1102 929 1177 dissentiat,
945 1113 1048 1166 tamen
1064 1101 1239 1185 complures
1254 1102 1494 1168 circumstantiae
1580 1144 1583 1147 -
1659 1109 1663 1116 '

204 1232 272 1271 sese
283 1210 349 1293 jam
365 1208 578 1292 praebuerunt,
595 1208 796 1291 experientia
811 1220 973 1291 tantopere
988 1220 1214 1285 consentaneae,
1238 1223 1273 1272 ut
1287 1209 1421 1294 amplitis
1436 1210 1495 1276 du-

205 1317 307 1380 bitare
330 1317 458 1380 omnino
479 1338 679 1402 nequeamus,
704 1318 779 1403 quin
800 1318 834 1380 in
848 1317 965 1381 viribus
982 1318 1086 1382 Solem
1104 1318 1290 1406 Lunamque
1303 1322 1495 1404 respicienti-

206 1425 275 1501 bus,
293 1424 378 1509 *quas
395 1446 459 1487 non
475 1423 591 1488 temere
606 1424 816 1502 assumsimus,
840 1424 894 1488 sed
916 1424 1042 1488 aliunde
1056 1426 1189 1490 existere
1204 1427 1494 1506 demonstravimus,

207 1556 281 1597 vera
296 1547 328 1596 et
341 1534 478 1620 genuina
492 1533 585 1596 aestirs
600 1535 693 1596 maris
708 1556 801 1597 causa
816 1535 1021 1598 contineatur.
1060 1535 1156 1599 Hanc
1171 1536 1212 1600 ob
1227 1559 1293 1600 rem
1304 1538 1370 1622 jam
1384 1537 1496 1602 meritb

209 1643 360 1726 suspicari
382 1642 463 1717 licet,
487 1639 694 1704 dissensiones
717 1663 787 1727 quae
808 1642 889 1707 inter
910 1640 1064 1704 theoriam
1086 1654 1235 1717 nostran,
1259 1654 1411 1728 quatenus
1426 1664 1496 1708 eam

210 1762 356 1814 assumtae
370 1748 537 1834 hypothesi
551 1749 825 1833 superstruximus,
842 1761 874 1812 et
889 1748 1112 1831 experientiam
1127 1749 1335 1826 intercedunt,
1351 1750 1392 1812 ab
1406 1772 1497 1835 aquae

211 1858 321 1922 inertis
338 1857 466 1942 aliisque
481 1856 728 1933 circumstantiis,
745 1879 877 1942 quarum
892 1857 1009 1921 nullam
1025 1857 1128 1921 adhuc
1146 1859 1298 1923 rationem
1319 1858 1495 1937 habuimus,

210 1965 376 2050 proficisci.
423 1964 581 2039 Quocirca
606 1964 632 2026 si
658 1965 763 2027 omnia
783 1965 904 2028 inertias
926 1963 1046 2028 ratione
1068 1964 1174 2029 habiti
1201 1965 1242 2030 ad
1267 1965 1499 2031 observationes

212 2073 342 2160 propids
364 2072 523 2150 accedant,
548 2072 580 2135 id
596 2073 722 2158 quidem
736 2086 855 2137 nostrae
869 2072 999 2137 theoriae
1013 2074 1185 2138 maximum
1199 2074 1307 2138 afferet
1321 2075 1499 2138 firmamen-

214 2198 288 2261 tum,
313 2196 406 2268 atque
428 2182 520 2246 simul
543 2204 649 2245 omnes
664 2182 739 2245 alias
754 2201 873 2257 causas,
897 2204 968 2266 quae
988 2193 1103 2264 praeter
1125 2181 1181 2245 has
1202 2181 1252 2245 vel
1274 2195 1347 2246 sunt
1367 2182 1499 2266 prolatae

214 2292 261 2355 vel
276 2290 410 2376 proferri
424 2302 564 2373 possunt,
581 2289 735 2366 excludet,
755 2288 919 2372 irritasque
934 2286 1053 2350 reddet.
1100 2286 1184 2351 Cdm
1205 2289 1301 2374 igitur
1315 2310 1501 2354 consensum

215 2399 307 2485 hujus
331 2397 461 2460 theoriae
487 2418 559 2460 cum
588 2396 816 2480 phaenomenis,
848 2416 924 2458 mox
952 2395 1047 2458 simus
1079 2394 1306 2459 evidentissime
1336 2399 1499 2474 ostensuri,

217 2507 381 2591 quaestioni
402 2506 442 2568 ab
465 2504 581 2591 inclyti
604 2503 775 2568 Academici
797 2504 966 2587 propositae
981 2526 1021 2566 ex
1036 2526 1104 2568 asse
1120 2503 1300 2569 satisFecisse
1316 2506 1389 2589 jure
1410 2508 1501 2573 uobis

217 2613 410 2677 videbimur:
445 2610 519 2675 crim
540 2634 604 2675 non
627 2613 728 2676 solum
751 2611 853 2674 nullas
876 2610 957 2674 vires
981 2611 1178 2698 imaginarias
1202 2612 1421 2691 effinxerimus,
1447 2614 1501 2678 sed

217 2727 309 2788 etiam
331 2723 443 2785 virium
467 2721 591 2786 Lunam
616 2722 784 2806 Solemque
806 2720 1036 2802 respicientium
1060 2719 1253 2784 existentiam
1276 2721 1401 2785 aliunde
1421 2722 1502 2786 dilu-

217 2835 285 2898 cide
306 2825 499 2897 ericerimus.
546 2833 657 2918 Neque
678 2856 752 2896 vero
774 2833 808 2896 in
828 2831 889 2895 hoc
910 2832 1037 2918 negotio
1058 2854 1128 2895 curn
1148 2832 1305 2918 plerisque
1326 2834 1504 2920 Anglorum

217 2943 257 3007 ad
273 2941 436 3028 qualitates
451 2941 586 3005 occultas
602 2964 707 3005 sumus
722 2940 852 3023 delapsi,
869 2936 976 3003 veriam
991 2940 1095 3023 potius
1111 2963 1235 3004 causam
1251 2941 1380 3007 istarum
1391 2943 1503 3006 virium

216 3051 315 3114 modo
336 3050 479 3115 rationali
500 3062 533 3113 et
555 3049 675 3136 legibus
697 3049 800 3115 motirs
822 3060 1031 3112 consentaneo
1046 3049 1078 3113 iu
1093 3050 1261 3116 vorticibus
1277 3054 1502 3131 constituimus,

214 3183 351 3247 quorum
377 3159 507 3222 formam
530 3173 623 3244 atque
637 3159 775 3223 indolem
790 3157 962 3222 luculenter
977 3158 1133 3242 explicare
1147 3182 1327 3243 possemus3
1352 3162 1446 3248 idque
1461 3162 1504 3226 fe-

213 3273 375 3345 cissemus,
399 3269 458 3331 nisi
481 3268 520 3332 ab
535 3268 603 3331 aliis
619 3266 691 3331 edm
704 3269 770 3352 jam
786 3266 860 3331 satis
874 3277 955 3330 esset
969 3267 1155 3350 expositum,
1173 3267 1240 3330 ttim
1255 3270 1348 3332 etiam
1363 3269 1404 3334 ab
1418 3270 1505 3336 illus-

213 3376 350 3443 trissimt
368 3375 537 3441 Academici
555 3376 586 3438 in
601 3386 758 3460 praesente
772 3374 945 3459 quaestione
960 3395 1024 3437 non
1040 3375 1155 3460 requiri
1169 3374 1318 3440 videatur.

258 3492 283 3569 §.
301 3494 354 3553 73.
378 3486 466 3549 Dum
488 3485 584 3570 igitur
604 3483 755 3546 hactenus
777 3505 867 3567 aquae
888 3503 1014 3546 omnem
1028 3482 1171 3545 inertiam
1186 3483 1373 3571 cogitatione
1389 3483 1505 3547 ademi-

207 3616 296 3671 mus,
313 3594 373 3677 ipsi
388 3591 541 3677 ejusmodi
555 3590 734 3677 qualitatem
749 3589 936 3665 affinximus,
949 3589 1010 3673 quir
1025 3588 1142 3652 viribus
1154 3588 1389 3654 sollicitantibus
1400 3589 1505 3655 subito

204 3704 449 3785 obsequeretur,
467 3720 562 3783 seque
582 3697 614 3760 in
629 3697 756 3761 instanti
779 3696 811 3759 in
826 3717 898 3759 eum
913 3707 1027 3758 statum
1042 3694 1203 3779 reciperet,
1219 3695 1252 3758 in
1268 3718 1330 3781 quo
1345 3717 1417 3759 cum
1430 3697 1505 3759 uiri-

204 3807 275 3874 bus
299 3807 334 3869 in
357 3805 530 3890 aequilibrio
556 3804 754 3878 consisteret3
785 3802 908 3888 hocque
932 3814 1026 3887 pacto
1051 3792 1164 3887 aquam
1188 3824 1253 3867 uon
1278 3801 1380 3868 solum
1401 3804 1504 3870 subito

198 3920 317 3985 omnis
341 3917 444 3982 moths
468 3937 615 4000 capacem
637 3916 808 3999 posuimus,
833 3895 1004 3978 sedetiam
1027 3913 1070 3976 ita
1091 3926 1312 3997 comparatam,
1336 3927 1371 3978 ut
1393 3916 1503 4001 quovis

195 4037 374 4094 momento
395 4048 520 4088 omnem
541 4025 706 4109 pristinum
727 4039 848 4088 motum
870 4019 999 4087 emittat.
1044 4022 1156 4110 Longe
1179 4023 1267 4086 aliter
1283 4036 1385 4088 autem
1403 4048 1453 4090 res
1470 4050 1504 4092 se

192 4132 319 4211 habet,
343 4135 369 4196 si
390 4134 510 4197 inertiae
533 4133 612 4196 ratio
634 4134 666 4195 in
690 4146 872 4215 computum
891 4131 1042 4208 ducatur3
1064 4132 1133 4196 haec
1147 4133 1230 4197 enim
1245 4134 1338 4199 efficit
1352 4147 1387 4200 ut
1400 4136 1503 4222 primi)

188 4266 295 4335 aqua
316 4265 381 4306 non
404 4242 506 4306 subiti)
530 4265 563 4305 se
585 4241 625 4305 ad
649 4263 720 4304 eum
736 4242 830 4304 situm
845 4254 1021 4325 componat,
1045 4263 1139 4327 quem
1153 4242 1233 4306 vires
1248 4242 1424 4321 intendunt,
1448 4245 1503 4309 sed

186 4354 408 4435 pedetentim
429 4375 487 4437 per
509 4375 616 4416 omnes
639 4352 754 4439 gradus
777 4352 897 4415 medios
919 4351 960 4415 ad
980 4375 1053 4416 eum
1068 4353 1212 4430 accedat3
1233 4354 1347 4420 deinde
1361 4356 1436 4421 verb
1452 4381 1502 4422 ea·

182 4460 284 4529 dem
302 4459 413 4525 inertia
427 4461 459 4522 in
474 4473 638 4537 causaest,
655 4459 740 4544 quod
755 4482 845 4544 aqua,
869 4456 940 4522 crim
962 4461 995 4522 in
1010 4473 1124 4524 statum
1138 4462 1304 4547 aequilibrii
1316 4467 1501 4549 pervenerit,

180 4566 248 4638 ibi
266 4592 338 4634 non
353 4570 537 4656 acquiescat,
560 4571 616 4634 sed
630 4570 672 4632 ob
686 4582 807 4632 motum
828 4569 955 4632 insitum
970 4567 1053 4632 ultrri
1065 4571 1294 4656 progrediatur,
1317 4575 1421 4660 quoad
1435 4597 1503 4638 om·

179 4693 287 4746 nem
317 4691 438 4740 motum
467 4702 486 4740 a
514 4677 661 4761 potentiis
690 4674 894 4740 renitentibus
927 4676 1057 4740 amittat.
1124 4677 1176 4742 Ex
1211 4701 1275 4765 quo
1303 4683 1503 4767 perspicuum

179 4805 268 4868 est,
304 4787 438 4851 admissi
468 4789 579 4852 inertiir
609 4811 707 4874 aquae,
739 4811 758 4850 a
787 4787 933 4872 potentiis
963 4788 1197 4856 sollicitantibus
1226 4806 1346 4858 motum
1375 4794 1502 4859 omnino

180 4893 375 4963 diversum
397 4911 468 4961 actu
490 4897 626 4981 imprimi
649 4896 762 4960 debere
784 4898 893 4975 abeo,
917 4920 1010 4983 quem
1029 4899 1190 4984 reciperet,
1207 4901 1233 4966 si
1255 4903 1364 4967 inertiri
1381 4903 1501 4987 privata
