3330 5692
55 611 173 679 nnn
188 607 371 687 rannus]
417 605 660 672 urimenus
684 604 1057 674 Mtrnnmsrrca.
1303 621 1338 676 n
1402 592 1405 597 ’

53 783 236 860 trahuntur,
258 779 321 845 alin
339 779 453 856 minus,
475 780 613 864 plurima
625 800 692 844 uon
705 781 882 846 trahuntur.
929 784 972 847 Et
986 784 1032 846 vis
1048 784 1221 872 magnetica
1235 783 1267 847 in
1282 805 1346 847 uno

54 907 86 957 et
99 891 215 957 eodem
240 911 375 976 corpore
397 887 518 952 intendi
540 901 645 972 potest
668 902 701 952 et
720 889 845 968 remitti,
872 904 982 977 estque
1005 913 1230 977 nonnunquam
1250 890 1345 979 longe

54 1004 156 1088 major
194 1022 256 1086 pro
277 998 449 1086 quantitate
470 999 609 1062 materiae
630 998 726 1083 qudm
740 1001 786 1062 vis
801 999 972 1086 gravitatis,
993 1001 1072 1064 etin
1087 1023 1209 1065 recessu
1224 1023 1244 1063 a
1257 1022 1345 1086 mag·

55 1124 127 1178 nete
170 1111 323 1178 decrescit
347 1110 381 1173 in
403 1107 527 1173 ratione
551 1107 708 1172 distantiae
733 1130 798 1171 non
825 1108 993 1192 duplicati,
1017 1108 1072 1173 scd
1094 1107 1159 1173 ferd
1177 1108 1343 1195 triplicati,

55 1231 209 1307 quantrun
223 1239 265 1282 ex
279 1217 390 1281 crassis
405 1214 591 1301 quibusdam
605 1214 876 1279 observationibus
890 1214 1137 1280 animadvertere
1150 1216 1249 1299 potui.

55 1388 215 1452 malim
229 1385 345 1433 lincamm
363 1385 383 1433 C
397 1384 429 1441 N,
448 1383 468 1431 C
482 1383 506 1440 S,
523 1383 623 1444 ideoque
635 1398 685 1442 par·
752 1381 858 1447 ldedque
868 1383 977 1432 distamia
990 1384 1104 1447 magnatis
1114 1387 1144 1432 ab
1154 1400 1199 1433 acu
1209 1394 1233 1433 et
1242 1385 1345 1448 angulus

55 1451 112 1503 tium
126 1453 148 1500 C
161 1451 222 1499 Pac
234 1452 287 1511 Cp,
299 1457 348 1496 tota
358 1449 393 1496 vis
402 1449 591 1512 magneticatarn
603 1457 685 1493 nttrnc·
718 1444 855 1494 deviationis
875 1447 932 1495 actis
957 1464 972 1495 a
996 1458 1105 1511 magnete
1128 1449 1344 1499 determinabuntur

55 1516 102 1565 sisa
111 1514 190 1579 quim
205 1514 323 1576 repulsisa
335 1527 404 1561 acum
418 1521 555 1559 consertens
565 1520 653 1572 puncto
665 1510 688 1558 P
718 1509 827 1558 ducendo
843 1511 928 1558 lineam
944 1527 959 1558 a
970 1522 1050 1559 centm
1064 1513 1179 1576 magnetis
1189 1512 1220 1560 ad
1230 1513 1255 1560 id
1270 1529 1343 1574 punc·

55 1579 171 1643 applicata
181 1578 272 1626 osmeri
282 1586 365 1638 potest.
716 1586 769 1622 tum
779 1574 801 1621 P
810 1573 880 1637 atqise
890 1576 926 1621 bis
939 1575 1061 1637 Principiis
1071 1591 1112 1637 per
1122 1577 1278 1638 experimenta
1289 1593 1343 1625 mox

86 1645 112 1692 Si
130 1658 233 1706 magnes
251 1642 279 1689 Μ
297 1643 327 1688 ab
343 1656 387 1689 acu
406 1638 498 1688 infiniti
516 1639 617 1694 distaret,
636 1639 685 1699 pari
716 1639 927 1686 recensendavirss
937 1651 1074 1703 magnetum
1088 1641 1113 1688 in
1124 1641 1344 1690 dirersisdistantiis

56 1707 178 1757 ratiocinio
192 1708 355 1755 moderant
370 1705 418 1752 rim
432 1714 506 1752 totam
516 1702 564 1766 qui
574 1703 686 1750 convertit
717 1703 844 1763 positorum
855 1702 953 1753 fuerunt
962 1705 1087 1752 nomam
1364 1712 1371 1737 ⁸

56 1773 158 1819 manin
164 1781 254 1833 puncto
261 1769 282 1817 P
290 1785 340 1817 mse
348 1768 476 1823 collectam,
484 1777 508 1815 et
515 1783 557 1828 per
563 1767 685 1815 resolutio·
750 1767 781 1815 ln
792 1766 829 1813 bis
839 1777 1002 1828 expenmentrs
1008 1767 1113 1816 adbrbsta
1123 1768 1170 1817 sust
1179 1784 1236 1818 acus
1245 1785 1342 1834 magne-

58 1835 328 1897 asnsiriaas,rimqui
336 1833 589 1890 convertitscum‚esae
600 1831 685 1878 adsim
717 1831 762 1879 tica
783 1831 856 1878 trium
874 1831 994 1890 pollicum,
1012 1847 1065 1894 quse
1084 1843 1111 1880 ut
1129 1834 1196 1892 solet,
1215 1834 1344 1896 attingebat

57 1893 319 1963 meinanagnetis
333 1895 567 1960 Muttinusanguli
586 1896 610 1943 N
624 1896 643 1945 C
657 1896 686 1944 Μ
717 1891 817 1959 utrique
833 1895 977 1943 extremitate
997 1897 1112 1944 circulum
1131 1896 1230 1946 divisum
1247 1899 1273 1947 in
1288 1913 1343 1946 suos

59 1962 212 2028 (deviasinn'u
218 1977 303 2024 nsmps
313 1960 369 2010 aeds
378 1978 393 2009 a
403 1961 523 2024 magneta)
539 1959 570 2007 ad
580 1959 679 2007 radium.
714 1958 808 2023 gratim
817 1958 934 2022 ductique
942 1959 1004 2008 linei
1011 1959 1195 2022 perpendiculum
1202 1964 1226 2009 in
1234 1973 1343 2011 centrum

92 2026 161 2075 Hinc
176 2026 202 2074 in
216 2042 281 2084 casta,
296 2025 322 2073 in
332 2041 379 2089 quo
389 2040 445 2073 acus
454 2023 559 2088 quiescit,
572 2025 605 2070 ris
616 2040 683 2086 mag·
714 2021 835 2072 actiacum
844 2024 958 2084 spontein
968 2025 1096 2072 meridiano
1104 2029 1236 2089 magnerico
1243 2027 1341 2089 jacebat,

57 2091 134 2139 natica
152 2090 233 2150 rm
248 2099 384 2139 convertens
400 2104 470 2137 acum
491 2098 526 2136 sss
543 2088 639 2151 equalis
660 2089 684 2135 vi
714 2087 873 2149 applicabatur
883 2103 981 2151 magnes
990 2088 1201 2152 parallelepipedon
1211 2107 1343 2151 supeream

56 2155 342 2282 mm?
353 2168 442 2265 iffi}
455 2151 686 2279 tibitibi
715 2151 1343 2279 &tritttlstiwi'irt‘tiitlss

56 2283 90 2330 vis
102 2284 239 2347 magnetica
253 2282 333 2330 Terras
349 2291 405 2338 tota,
422 2280 453 2328 ad
468 2285 514 2326 vim
528 2280 685 2344 maguntinam
716 2294 786 2327 acum
796 2289 917 2340 spectaret,
930 2281 1100 2344 Borealsmque
1110 2283 1160 2345 ejus
1171 2293 1301 2331 esuemurn
1312 2282 1342 2331 ad

57 2347 134 2395 Tarra
148 2356 325 2396 ocurutentenr
339 2361 409 2394 acum
425 2357 453 2393 ut
466 2343 545 2392 radius
559 2345 589 2392 ad
605 2344 684 2391 sinum
716 2358 742 2391 sa
758 2345 866 2400 traheret,
885 2347 1078 2392 mensurabantur
1097 2345 1213 2394 distantias
1231 2362 1246 2393 a
1262 2357 1342 2394 centro

55 2409 218 2459 &ortmann
228 2408 284 2458 anda
295 2426 309 2458 a
319 2409 449 2458 meridiam
459 2408 605 2472 magneticot
620 2417 646 2456 et
654 2408 685 2456 ait
716 2406 808 2457 acilsad
819 2416 926 2456 centrum
932 2409 1048 2470 magnetis
1059 2410 1083 2456 in
1094 2409 1218 2471 pollicibus
1228 2411 1342 2474 lineisque

56 2475 89 2522 sis
104 2475 224 2550 magnetis
242 2483 378 2522 convertens
396 2489 466 2521 acum
485 2478 494 2536 (
532 2471 592 2519 ualis
609 2472 644 2518 illi
661 2472 684 2518 vi
719 2472 894 2528 Parisiensibus,
911 2483 935 2520 st
949 2475 1111 2520 observabatur
1124 2473 1239 2537 quantdm
1253 2475 1279 2521 in
1293 2476 1342 2523 sin·

56 2549 195 2602 mgnencas
208 2539 289 2587 Tarra·
298 2537 441 2614 convertenti
451 2551 520 2612 acum
547 2535 578 2583 ad
588 2537 636 2582 rim
647 2546 683 2584 to·
733 2600 739 2611 ι
750 2536 778 2583 lis
789 2536 904 2611 magnetis
915 2536 1029 2584 distantiis
1043 2536 1170 2617 discederet
1180 2555 1236 2586 acus
1246 2554 1261 2586 s
1271 2541 1341 2587 meri·

56 2600 684 2729 ssffiss‘ffzul‘ittffltt‘lttffl
716 2604 1342 2730 nttfflitsdtiifflttt’iti‘ti:

56 2732 172 2779 redonum
191 2731 315 2779 babebimr
333 2730 368 2776 ris
386 2739 436 2777 tota
451 2729 583 2791 magnetica
600 2729 684 2783 ‚Terras
715 2738 819 2776 acsntrc
830 2727 949 2776 rotationis
958 2728 1021 2786 aeds,
1033 2731 1341 2793 utetsngulussjualinem

57 2796 85 2841 sd
100 2795 149 2842 vim
164 2805 242 2844 totam
257 2794 375 2858 magnesia
390 2794 418 2842 M
434 2793 537 2840 utsinus
547 2792 684 2840 deviationis
715 2807 770 2840 cum
790 2807 841 2846 acu.
862 2792 1087 2841 determinsbsntur:
1107 2794 1180 2841 diviso
1196 2795 1273 2856 itaque
1287 2795 1341 2841 sinu

57 2858 110 2905 acis
122 2874 138 2905 a
151 2868 270 2922 magnete,
285 2857 316 2907 ad
332 2859 410 2905 sinum
425 2856 586 2905 declinationis
599 2855 655 2904 aeds
669 2872 684 2903 a
715 2855 875 2903 declinationis
881 2854 1068 2915 acdsperainum
1075 2857 1228 2920 istiusanguli
1234 2858 1341 2920 quotiens

56 2921 186 2971 meridiano
200 2922 343 2986 magneticc,
357 2922 421 2985 quod
435 2922 505 2968 etiarn
516 2919 682 2981 percomposi-
715 2921 824 2980 exprimit
844 2919 956 2966 rationem
977 2919 1012 2965 sis
1032 2921 1170 2981 magnetica
1188 2921 1213 2967 in
1232 2921 1341 2969 distantis

56 2985 141 3036 duem
153 2987 240 3034 sirium
250 2986 403 3034 demonnrari
414 2986 532 3046 potuisset·
714 2983 808 3045 singula
823 2982 924 3039 inventa,
940 2983 987 3030 sise
1003 2982 1145 3046 logaritbmis
1161 2987 1256 3041 uranon
1273 2984 1340 3033 diffs-

86 3051 173 3116 Imqus
188 3053 209 3099 si
228 3051 291 3098 idern
307 3066 405 3115 magnes
418 3050 449 3097 ad
463 3048 533 3097 aliam
549 3047 683 3095 distantiam
714 3047 790 3094 nenda
799 3047 992 3109 logaritbmorum
1006 3047 1101 3094 sinuum
1112 3049 1252 3112 angulorum
1263 3049 1340 3097 devia-

56 3127 161 3177 μω,
178 3125 207 3163 ut
220 3115 249 3162 in
266 3115 301 3171 Χ,
317 3114 351 3162 ita
360 3114 423 3162 utin
434 3113 481 3161 alio
491 3113 536 3160 situ
548 3127 617 3159 acum
627 3127 680 3159 con·
715 3111 785 3158 tionis
801 3126 816 3157 a
831 3110 960 3158 meridiano
972 3112 1104 3173 magnerico
1113 3124 1137 3159 et
1148 3131 1162 3160 s
1173 3124 1282 3177 magnete
1297 3115 1341 3162 erit

57 3181 142 3237 mnam,
161 3179 287 3227 habebitur
303 3179 374 3226 etiam
388 3179 423 3225 sis
438 3177 554 3239 magnetis
567 3175 592 3223 in
605 3176 639 3232 X,
653 3175 683 3223 ad
714 3175 868 3238 logaritbmus
883 3174 919 3222 ris
933 3175 1078 3238 magnerice,
1095 3175 1120 3222 in
1134 3176 1244 3225 distantia
1258 3176 1340 3241 inqui

58 3243 102 3291 rina
112 3254 188 3292 totam
199 3244 357 3307 magneticam
369 3242 456 3299 Tem,
467 3251 496 3288 us
505 3241 571 3288 sinus
580 3239 682 3288 declina·
714 3238 798 3302 anguli
807 3238 843 3286 illi
851 3239 973 3295 habentur,
982 3250 1006 3287 st
1013 3240 1080 3287 tertia
1088 3255 1140 3300 para
1146 3243 1196 3304 ejus
1203 3241 1340 3289 differentia

58 3308 125 3356 nnis
144 3307 206 3357 aeds
226 3323 243 3355 a
259 3307 389 3355 meridiano
407 3305 539 3370 pragnesino
556 3303 587 3353 ad
605 3304 684 3351 sinum
715 3304 759 3352 erit
770 3303 923 3366 logan'tbrnus
933 3302 1016 3350 radicis
1025 3304 1114 3352 cubicis
1122 3306 1156 3352 vis
1163 3305 1341 3368 maguntinam

58 3370 257 3420 &msera
267 3387 283 3418 a
292 3382 408 3434 magnete
445 3371 526 3425 Quare
536 3384 578 3430 per
588 3383 683 3429 compo·
715 3369 838 3428 assumptis
849 3366 877 3413 iis
888 3365 1003 3414 radicibus
1013 3368 1100 3415 cubicis
1111 3369 1135 3415 in
1146 3370 1256 3423 numeria,
1268 3371 1287 3415 si
1298 3385 1340 3430 pes

58 3436 163 3484 &onan
181 3436 302 3483 rationum
318 3435 362 3483 erit
378 3436 413 3482 sis
430 3433 546 3496 magnetis
561 3433 587 3479 in
605 3432 638 3486 Χ,
653 3432 684 3480 sd
716 3447 756 3479 eas
769 3431 887 3479 dividatur
901 3445 1013 3478 numerus
1023 3432 1106 3495 aliquis
1116 3444 1223 3481 constans
1240 3433 1291 3498 (qui
1301 3432 1340 3481 bic

58 3498 103 3548 sin
117 3499 237 3564 magnetis
248 3499 273 3546 in
285 3499 324 3556 Μ,
341 3500 445 3546 ustinus
455 3496 617 3545 declinationis
627 3495 684 3544 aeds
715 3504 750 3543 eat
760 3493 820 3559 ⁵⁷3)
834 3494 965 3557 quotientes
977 3508 1047 3542 erum
1059 3497 1116 3556 ipsas
1130 3497 1259 3556 distantin;
1277 3497 1340 3544 unde

59 3564 217 3612 smsridiano
231 3562 364 3626 magneticn
379 3561 436 3610 etim
452 3576 549 3623 magnes
564 3571 599 3608 est
614 3561 639 3607 in
658 3561 682 3608 X
715 3559 788 3622 liquet
798 3560 862 3622 quod
872 3557 960 3606 radices
970 3560 1058 3607 cubicas
1069 3560 1153 3608 virium
1160 3562 1275 3624 magnetis
1285 3570 1340 3608 sunt

59 3626 142 3675 tiriaus
156 3642 201 3690 pes
215 3627 295 3674 sinum
311 3626 447 3674 deviationis
457 3628 486 3672 ab
496 3639 525 3672 so
535 3635 643 3687 magnete
658 3624 683 3671 in
715 3621 806 3672 invent
816 3632 844 3671 ut
853 3622 975 3681 ᾱίιίαιιᾱε,
991 3624 1038 3671 sive
1052 3624 1116 3686 quod
1127 3625 1160 3671 ris
1170 3625 1301 3687 magnetica
1310 3624 1341 3671 sis

61 3690 181 3753 Xpon'sn,
192 3691 222 3740 ad
233 3691 313 3738 sinum
323 3689 484 3738 declinationis
499 3687 556 3736 aeds
565 3704 580 3735 a
590 3687 683 3735 meridi-
715 3687 805 3736 inversi
823 3687 848 3735 in
866 3686 955 3734 rasione
972 3686 1087 3749 triplicati
1102 3687 1278 3736 distantiarum:
1304 3703 1340 3736 se·

59 3770 102 3803 no
116 3755 251 3818 magnerico
264 3753 320 3802 edm
335 3769 432 3818 magnes
447 3762 482 3800 cat
497 3753 523 3799 in
540 3752 568 3799 Μ
583 3751 684 3799 divisum
716 3752 796 3814 quenti
807 3747 862 3799 rerd
872 3749 970 3798 Tabetlt
977 3752 1115 3800 exhibentur
1125 3753 1175 3800 bsac
1183 3752 1341 3813 experimenta

59 3832 98 3878 par
105 3818 473 3881 innmdsristicnisamagnete,
482 3817 538 3864 inM
547 3818 629 3876 posito,
640 3817 686 3864 boc
716 3814 803 3878 magni
813 3813 871 3862 curi
880 3813 992 3870 instituta,
1002 3831 1057 3865 cum
1064 3816 1155 3864 calculo
1164 3816 1220 3863 inda
1225 3815 1326 3864 deducto
1330 3836 1338 3876 ς

60 3892 101 3940 u,
116 3884 152 3930 sis
161 3882 279 3946 magnetis
288 3883 315 3928 in
324 3881 419 3930 dismais
428 3880 549 3938 dimantiis,
567 3879 683 3943 (infinitis.
716 3879 793 3942 prima
802 3879 912 3928 columna
922 3877 1029 3943 designat
1041 3879 1160 3928 distantias
1170 3896 1185 3927 a
1195 3890 1275 3928 canuc
1284 3879 1340 3930 aeds

60 3956 161 4059 Ξ
170 3943 685 4074 ,tntmmtlimtiiffi
715 3943 1339 4056 dtffmwitttlffldit

55 4073 495 4138 finmdsviasionisejusamagnetc.
715 4081 779 4120 trum
800 4070 932 4135 magnetis;
960 4073 1027 4120 tertia
1050 4071 1227 4120 declinationem
1248 4073 1305 4124 acris
1325 4091 1340 4122 a

90 4138 209 4203 hiduo
221 4138 318 4202 qnando
330 4153 428 4201 magnes
441 4137 497 4185 satis
507 4145 542 4184 eat
552 4135 642 4184 sicinus
654 4139 684 4184 ab
715 4136 844 4185 meridiano
864 4135 996 4198 magnstioo
1016 4151 1071 4184 cum
1092 4151 1136 4183 suo
1157 4136 1295 4201 logatithmo
1315 4150 1340 4187 et

60 4217 101 4253 u
121 4213 152 4252 nt
171 4203 262 4251 nsua
280 4202 369 4250 cesrseri
387 4203 459 4265 possit
476 4201 528 4264 ejus
544 4199 685 4248 distantias
716 4200 785 4250 tertii
799 4201 851 4265 ejus
865 4208 946 4260 psste3
963 4211 1052 4264 quarta,
1067 4200 1245 4249 declinationem
1259 4200 1339 4250 acdsa

59 4266 152 4316 Μ
167 4267 262 4328 punctis
280 4266 344 4323 asts,
363 4275 387 4314 et
404 4265 486 4314 fortior
500 4265 531 4313 sit
546 4266 597 4329 ejus
611 4264 684 4312 visin
716 4264 779 4313 linei
794 4263 866 4312 ducti
881 4279 896 4310 s
908 4275 987 4312 centro
997 4264 1117 4313 rotationis
1127 4263 1183 4313 aeds
1192 4265 1222 4314 ad
1232 4274 1338 4314 centrum

59 4344 144 4392 panna
161 4331 274 4380 viciniora
292 4332 365 4395 quim
381 4332 407 4378 in
421 4329 552 4386 remotiora,
569 4328 685 4391 simulque
716 4329 832 4394 magnetis
847 4344 904 4376 cum
919 4345 963 4377 suo
978 4328 1117 4392 loganthmo
1133 4338 1157 4381 st
1174 4329 1243 4379 tertii
1258 4339 1338 4391 parteg

59 4397 118 4445 usis
132 4396 250 4458 magnatis
265 4395 298 4443 ad
315 4394 406 4442 diversa
420 4405 508 4455 puncta
523 4392 581 4441 aeds
594 4393 684 4441 diversi
716 4394 805 4456 quinta,
824 4391 967 4441 differentias
987 4408 1068 4441 earum
1089 4393 1208 4442 tertiarum
1229 4394 1337 4456 partium,

58 4475 112 4509 sn
120 4459 261 4524 cbl'apnitats
272 4459 408 4521 applicem,
424 4468 531 4507 centrum
542 4457 640 4506 actionis
650 4457 685 4505 vis
715 4473 770 4505 cum
781 4457 830 4505 suis
841 4457 943 4504 numeds
953 4456 995 4520 qni
1010 4457 1122 4505 rationem
1134 4458 1268 4518 exprimunt
1277 4457 1339 4505 rodi·
1364 4444 1369 4461 ⁸

58 4525 172 4589 ..μὴ
181 4523 223 4572 bct
234 4524 334 4572 sicinius
343 4522 482 4571 asuemitsti
495 4523 527 4578 N,
541 4532 643 4570 amman
654 4524 685 4568 ob
716 4537 771 4570 cum
782 4520 916 4569 subitarum
928 4521 1012 4570 sirium
1022 4521 1138 4585 magnetis
1151 4522 1176 4569 in
1187 4521 1282 4569 dirersis
1292 4521 1339 4568 dis.

58 4586 155 4652 Μ
174 4587 297 4653 vulgarem
314 4586 371 4635 aeds
386 4587 587 4650 magontiaque
600 4585 684 4647 spiculi
717 4585 810 4641 tantiis;
835 4594 899 4632 sessa
916 4583 1018 4648 denique
1035 4586 1165 4649 quotientes
1180 4585 1273 4633 numeri
1287 4584 1337 4649 st}

56 4651 128 4702 ht
141 4652 243 4701 torm
257 4652 443 4714 cirnapunctnm
457 4648 610 4706 Platiorast,
627 4663 682 4697 cen·
715 4664 756 4709 per
767 4647 1023 4706 istosnumnusdivisi.
1035 4650 1075 4714 qui
1084 4648 1339 4714 quos-resipuit·-

57 4724 117 4765 ω
127 4716 250 4765 nandonis
261 4715 354 4764 scdsin
364 4714 584 4777 punctoPmansra
594 4714 682 4762 oenoeri
715 4712 985 4775 ununqusmpsnxims
995 4725 1095 4779 aquaist.

58 4792 131 4841 gans
139 4782 186 4830 nin'
197 4781 271 4829 nimia
281 4780 311 4828 sit
320 4780 436 4844 magnesia
446 4779 535 4828 ricinia.

676 4936 726 4985 Ei
