3330 5692
186 516 295 580 Lmen
312 512 491 593 Tanarus]
519 511 759 578 PRINCIPIA
784 511 1152 580 MATHEMATICA.
1407 528 1467 586 188

181 687 354 752 illustrante
374 685 467 773 quim
490 686 531 750 ab
544 684 643 750 oculis
656 686 771 750 nostris
792 687 971 752 distantiam
992 686 1093 752 videri
1114 686 1214 753 desiit
1260 689 1356 754 Unde
1375 693 1469 757 etiam

183 797 292 863 caudoe
313 809 503 860 cometarum
524 795 666 873 aliorum,
691 818 762 881 quae
776 798 886 861 breves
901 809 985 874 sunt,
1009 819 1074 860 non
1088 798 1261 862 ascendunt
1274 814 1362 865 motu
1377 803 1470 867 celeri

183 920 215 971 et
236 905 389 992 perpetui)
410 930 430 971 a
451 906 603 991 capitibus
625 919 657 970 et
677 929 753 970 mox
770 919 969 986 evanescunt,
986 906 1043 972 scd
1057 921 1130 972 sunt
1143 922 1361 993 permanentes
1374 934 1470 997 vapo-

183 1036 254 1078 rum
274 1028 306 1080 et
327 1013 558 1080 exhalationum
581 1013 745 1091 columnae,
768 1037 788 1078 a
809 1015 960 1100 capitibus
980 1014 1152 1078 lentissimo
1165 1014 1335 1078 multorum
1350 1017 1471 1080 dierum

183 1135 270 1186 motu
284 1130 476 1209 propagatae,
499 1141 580 1205 quoe,
602 1120 819 1204 participando
833 1134 954 1185 motum
968 1121 1056 1185 illum
1072 1122 1209 1206 capitum
1225 1144 1319 1207 quem
1333 1121 1470 1188 habuere

184 1231 243 1295 sub
257 1231 355 1307 initio,
371 1252 428 1314 per
442 1228 538 1293 coelos
551 1227 615 1293 uni
629 1251 701 1294 cum
715 1230 868 1315 capitibus
878 1231 997 1295 moveri
1011 1245 1157 1319 pergunt.
1203 1232 1240 1316 (²)
1258 1232 1301 1296 Et
1312 1231 1387 1294 hinc
1401 1253 1470 1294 rur-

183 1362 237 1405 sus
259 1340 416 1427 colligitur
437 1339 536 1424 spatia
557 1339 695 1403 coelestia
713 1340 745 1404 vi
765 1341 929 1406 resistendi
944 1341 1088 1418 destitui;
1110 1355 1219 1426 utpote
1233 1342 1266 1405 in
1281 1342 1392 1428 quibus
1405 1363 1469 1405 non

184 1448 285 1511 solum
307 1447 407 1511 solida
427 1446 623 1531 planetarum
637 1459 668 1510 et
683 1459 873 1511 cometarum
893 1469 1036 1532 corpora,
1059 1448 1222 1512 sedetiam
1236 1449 1384 1512 rarissimi
1392 1470 1470 1512 cau·

184 1555 295 1619 darum
316 1575 446 1638 vapores
466 1565 569 1617 motus
584 1575 657 1618 suos
672 1553 880 1619 velocissimos
900 1554 1058 1620 liberrime
1078 1567 1234 1644 peragunt
1247 1577 1284 1620 ac
1298 1556 1471 1622 diutissime

185 1673 379 1727 conservant.

229 1772 404 1834 Ascensum
417 1769 587 1834 caudarum
602 1791 642 1833 ex
657 1768 872 1854 atmosphaeris
886 1771 1070 1855 capitumet
1090 1792 1291 1859 progressum
1312 1772 1346 1835 in
1366 1784 1471 1857 partes

186 1901 206 1942 a
221 1879 294 1942 Sole
308 1901 431 1943 aversas
448 1878 603 1964 Keplerus
623 1879 750 1944 ascribit
771 1879 886 1943 actioni
907 1879 1066 1944 radiorum
1087 1880 1166 1945 lucis
1180 1882 1343 1946 materiam
1362 1882 1471 1946 caudae

187 2009 294 2051 secum
319 1987 515 2071 rapientium.
560 1987 604 2052 Et
627 2010 735 2051 auram
761 1987 858 2076 longe
882 1989 1097 2053 tenuissimam
1121 1990 1156 2053 in
1179 1993 1285 2077 spatiis
1307 1992 1472 2057 liberrimis

186 2096 301 2160 actioni
322 2096 482 2160 radiorum
504 2095 624 2174 cedere,
648 2093 686 2181 (¹)
702 2117 767 2159 non
789 2109 836 2160 est
857 2119 877 2160 a
896 2096 1019 2160 ratione
1032 2118 1162 2181 prorsus
1176 2099 1321 2178 alienum,
1337 2121 1402 2164 non
1416 2101 1473 2164 ob·

188 2216 288 2267 stante
300 2203 385 2290 quod
399 2202 578 2266 substantiae
592 2223 704 2278 crassae
718 2202 961 2287 impeditissimis
974 2202 1009 2265 in
1023 2203 1202 2290 regionibus
1216 2207 1331 2269 nostris
1345 2229 1365 2270 a
1377 2206 1473 2270 radiis

189 2314 271 2380 Solis
294 2313 479 2378 sensibiliter
502 2311 637 2397 propelli
660 2323 824 2398 nequeant.
871 2311 962 2375 Alius
990 2313 1158 2396 particulas
1182 2325 1248 2376 tam
1271 2312 1354 2377 leves
1379 2313 1473 2398 quaim

186 2444 297 2511 graves
319 2422 388 2486 dari
407 2443 499 2506 posse
514 2421 679 2498 existimat,
702 2433 734 2484 et
746 2420 907 2483 materiam
922 2419 1093 2484 caudarum
1107 2421 1244 2498 levitate,
1266 2443 1385 2507 perque
1398 2421 1473 2486 leri·

188 2544 284 2598 tatem
298 2555 386 2597 auam
400 2555 420 2596 a
436 2531 509 2597 Sole
523 2530 699 2595 ascendere.
737 2528 820 2595 Cirm
831 2543 935 2595 autem
949 2532 1085 2618 gravitas
1100 2553 1267 2617 corporum
1282 2533 1474 2598 terrestrium

187 2641 229 2708 sit
243 2652 279 2708 ut
292 2639 423 2704 materia
436 2639 468 2702 in
485 2637 677 2722 corporibus,
692 2637 825 2724 ideoque
839 2637 958 2702 servati
974 2638 1144 2724 quantitate
1158 2641 1296 2704 materiae
1309 2641 1430 2705 intendi
1443 2654 1474 2706 et

187 2757 304 2822 remitti
325 2763 469 2841 nequeat,
486 2750 626 2836 suspicor
645 2771 808 2814 ascensum
828 2748 917 2813 illum
931 2771 972 2813 ex
985 2749 1188 2815 rarefactione
1207 2753 1345 2816 materiae
1359 2753 1474 2817 cauda·

187 2885 260 2929 rum
280 2860 384 2948 potiris
406 2862 490 2925 oriri.
536 2856 689 2923 Ascendit
708 2855 811 2921 fumus
832 2856 866 2919 in
888 2857 1011 2921 camino
1025 2857 1162 2943 impulsu
1176 2860 1256 2924 a‘e'ria
1272 2860 1323 2924 cui
1342 2860 1473 2924 mnatat.

189 2974 257 3038 Aer
277 2972 331 3036 ille
352 2993 410 3057 per
432 2970 568 3035 calorem
581 2966 749 3032 rarefactus
764 2966 913 3044 ascendit,
935 2967 977 3032 ob
991 2967 1175 3034 diminutam
1190 2992 1278 3034 suam
1291 2971 1475 3056 gravitatem

190 3079 379 3165 specificam,
395 3091 427 3142 et
441 3076 562 3140 fumum
576 3073 769 3159 implicatum
784 3074 866 3159 rapit
880 3097 995 3138 secum.
1041 3075 1162 3152 Quidni
1176 3078 1277 3142 cauda
1290 3090 1420 3143 cometas
1434 3078 1475 3142 ad

188 3185 326 3251 eundem
339 3183 470 3248 modum
484 3180 659 3246 ascenderit
673 3203 691 3244 a
709 3178 807 3246 Sole?
831 3179 915 3245 Nam
928 3181 1009 3246 radii
1023 3182 1138 3248 solares
1152 3205 1216 3249 non
1231 3185 1349 3272 agitant
1361 3185 1475 3262 media,

189 3315 262 3382 quae
276 3303 448 3380 permeant,
464 3289 525 3354 nisi
539 3289 573 3352 in
586 3287 755 3352 reflexione
770 3298 801 3352 et
815 3287 1008 3354 refractione.
1055 3289 1221 3355 Particulae
1235 3291 1425 3356 reflectentes
1439 3293 1476 3357 ei

191 3405 316 3469 acfioue
330 3405 486 3470 calefactae
501 3406 680 3472 calefacient
694 3429 801 3472 auram
811 3405 978 3470 aetheream
993 3404 1043 3468 cui
1056 3402 1264 3489 implicantur.
1301 3401 1359 3465 Illa
1374 3400 1477 3464 calore

191 3517 253 3583 sibi
275 3518 504 3583 communicato
525 3518 659 3598 rarefiet,
682 3532 714 3584 et
734 3519 776 3584 ob
797 3517 981 3582 diminutam
1002 3514 1039 3580 ei
1053 3515 1179 3580 raritate
1191 3512 1375 3601 gravimtem
1390 3532 1477 3575 suam

192 3626 382 3713 specificam,
406 3625 467 3713 quai
489 3626 577 3712 prius
592 3629 740 3693 tendebat
753 3629 785 3692 in
803 3627 918 3705 Solem,
938 3626 1084 3691 ascendet
1097 3636 1128 3689 et
1142 3645 1248 3689 secum
1261 3623 1362 3707 rapiet
1381 3620 1478 3707 parti·

191 3741 278 3807 culas
303 3742 495 3807 reflectentes
520 3765 561 3807 ex
586 3742 698 3829 quibus
719 3742 819 3807 cauda
840 3739 1054 3825 componitur:
1082 3737 1123 3801 ad
1143 3757 1305 3801 ascensum
1325 3753 1478 3818 vaporum

192 3849 340 3913 conducit
360 3849 463 3928 etiam,
485 3849 572 3935 quod
592 3849 627 3914 bi
647 3863 798 3938 gyrantur
819 3850 903 3913 circa
925 3848 1031 3914 Solem
1052 3857 1084 3911 et
1103 3844 1139 3909 eti
1158 3845 1279 3909 actione
1294 3853 1479 3908 conantura

196 3956 270 4022 Sole
284 3956 439 4034 recedere,
456 3967 488 4020 at
504 3956 585 4022 solis
599 3956 807 4042 atmosphaera
821 3968 853 4021 et
866 3955 996 4020 materia
1009 3954 1161 4018 ooelorum
1170 3951 1220 4016 vel
1233 3949 1326 4036 plane
1338 3949 1476 4036 quiescit,

193 4062 245 4127 vel
258 4077 346 4128 motu
361 4063 428 4127 solo
443 4085 535 4149 quem
550 4086 570 4126 a
586 4063 667 4129 Solis
682 4064 835 4129 rotatione
849 4063 1012 4147 acceperit,
1029 4059 1147 4126 tardius
1160 4072 1298 4148 gyratur.
1330 4058 1396 4123 Hae
1407 4070 1480 4121 sunt

194 4192 299 4235 causae
319 4169 466 4234 ascensis
488 4172 659 4236 caudarum
679 4171 713 4234 in
734 4171 846 4235 viciniis
870 4169 962 4248 Solis,
985 4169 1040 4235 ubi
1061 4169 1153 4233 orbes
1173 4167 1330 4232 curviores
1344 4179 1426 4243 sunt,
1448 4177 1481 4230 et

195 4289 327 4343 cometae
340 4278 423 4342 intra
436 4278 612 4342 densiorem
628 4291 660 4342 et
674 4278 709 4342 eri
731 4279 852 4342 ratione
865 4277 1040 4365 graviorem
1057 4276 1138 4342 Solis
1153 4273 1392 4360 atmosphaeram
1406 4295 1481 4338 oon·

195 4387 320 4462 sistunt,
344 4399 376 4449 et
396 4384 511 4449 caudas
533 4384 626 4472 quim
647 4385 842 4473 longissimas
864 4406 939 4448 mox
960 4384 1113 4449 emittrmt
1163 4383 1248 4447 Nam
1269 4382 1388 4461 caudoe,
1411 4404 1483 4468 quae

195 4511 273 4560 tunc
287 4510 465 4574 nascuntur,
489 4496 703 4560 conservando
717 4509 837 4560 motum
853 4517 944 4559 suum
958 4509 991 4559 et
1005 4494 1123 4558 interea
1138 4513 1245 4557 versus
1261 4491 1366 4558 Solem
1380 4492 1483 4581 gravi-

197 4602 305 4681 tando,
329 4603 537 4667 movebuntur
558 4603 640 4667 circa
662 4603 770 4670 Solem
790 4603 824 4666 in
845 4601 1006 4688 ellipsibus
1027 4623 1087 4686 pro
1101 4622 1188 4665 more
1205 4599 1351 4684 capitum,
1374 4615 1406 4666 et
1426 4622 1484 4685 per

232 4777 268 4841 (‘)
282 4779 294 4806 ⁶
309 4778 342 4824 Et
352 4778 406 4824 hinc
415 4774 499 4825 ruatis
509 4777 631 4836 conatur.
676 4774 862 4838 legunturque
872 4773 935 4824 dicta
944 4783 1000 4823 sunt
1010 4773 1034 4822 in
1045 4772 1133 4823 acholio
1148 4773 1218 4836 Prop.
1233 4773 1280 4824 xl.
1295 4774 1347 4824 lab·
1363 4774 1399 4822 11.

231 4842 269 4906 (‘)
282 4845 294 4870 ⁹
308 4843 366 4890 Non
375 4851 407 4892 ert
418 4859 433 4888 a
443 4843 531 4890 ratione
538 4856 634 4903 prorem
644 4841 746 4890 oliertam
758 4842 834 4904 (165).
