3330 5692
341 533 531 599 FLUXUS
554 535 615 599 AC
640 534 894 602 REFLUXUS
917 537 1079 605 Martis.
1291 547 1351 604 821

66 703 170 768 Lunoe
190 724 247 787 per
268 702 477 767 meridianum
492 705 673 791 contingere
687 704 822 781 debebit,
846 704 879 767 id
899 704 1071 791 quodcum
1086 707 1354 774 observationibus

67 813 100 874 iu
121 831 239 875 oceano
259 809 361 874 libero
382 811 532 875 institutis
546 812 670 899 egregie
685 813 845 889 convenit3
869 811 1010 899 hancque
1025 814 1142 878 idcirco
1162 816 1352 901 proecipuaru

64 920 158 1006 hujus
171 916 388 982 retardationis
402 941 528 982 causam
543 917 653 982 merite
667 919 870 1006 assignamus.

106 1034 132 1112 t.
151 1033 221 1091 102.
246 1024 391 1089 Tertium
405 1024 637 1110 phaenomeuon
652 1026 830 1111 suppeditat
843 1025 938 1091 testes
951 1028 1145 1114 magnitudo,
1162 1051 1233 1117 quar
1248 1043 1354 1095 autem

64 1151 127 1202 mm
156 1136 286 1201 diversis
313 1134 389 1201 locis
418 1145 510 1223 quam
542 1137 669 1201 diversis
694 1138 928 1222 tempestatibus
952 1139 1089 1204 maxime
1114 1153 1162 1205 est
1186 1143 1353 1207 mutabilis.

65 1247 197 1312 lnterim
211 1258 316 1310 tamen
330 1246 469 1330 exceptis
484 1245 663 1309 enormibus
677 1245 737 1308 illis
752 1246 899 1323 aestubus,
913 1247 966 1333 qui
980 1248 1138 1312 nonnullis
1152 1250 1185 1311 in
1199 1251 1352 1334 portubus

63 1355 224 1420 observari
246 1353 355 1430 solent,
379 1352 491 1439 reliqui
507 1374 579 1416 cum
594 1363 701 1417 nostra
724 1351 844 1417 theoriis
865 1354 990 1442 egregie
1005 1356 1219 1433 consentiunt;
1241 1358 1352 1422 inertie

61 1469 145 1533 enim
161 1466 293 1543 sublate,
308 1465 484 1529 invenimus
500 1465 558 1529 sub
572 1478 731 1551 aequatore
745 1466 917 1530 maximum
931 1480 1043 1531 aestum
1057 1466 1125 1531 fore
1146 1489 1204 1552 per
1219 1471 1352 1553 spatium

61 1581 185 1645 circiter
207 1589 227 1643 4
249 1578 377 1664 pedum,
402 1578 442 1641 ab
464 1578 575 1641 inertia
589 1592 694 1642 autem
715 1577 776 1641 hoc
797 1578 994 1642 intervallum
1008 1580 1116 1666 augeri
1137 1580 1181 1643 ita
1194 1593 1230 1643 ut
1243 1580 1350 1665 duplo,

61 1692 110 1756 vel
125 1689 231 1776 triplo,
244 1690 293 1754 vel
308 1690 401 1753 etiam
412 1688 588 1775 quadruplo
602 1701 634 1751 et
647 1687 718 1773 plus
729 1688 785 1751 fiat
798 1689 907 1772 majus,
923 1702 1018 1773 prout
1031 1688 1118 1752 valor
1131 1688 1229 1774 ipsius
1242 1712 1265 1776 g
1276 1690 1351 1775 (vid.

63 1808 87 1884 t.
104 1802 171 1882 82.)
186 1802 290 1864 minor
307 1800 401 1865 fuerit
422 1799 471 1863 vel
492 1801 601 1884 major,
618 1800 733 1884 quippe
747 1799 801 1885 qui
822 1821 842 1861 a
855 1797 1000 1862 facultate
1014 1798 1122 1862 oceani
1143 1821 1211 1862 sese
1225 1801 1352 1885 proprie

59 1912 117 1975 suri
132 1910 165 1973 vi
185 1910 219 1973 in
233 1920 348 1973 statum
362 1906 528 1994 aequilibrii
543 1905 728 1970 restituendi
747 1905 880 1990 pendet3
902 1927 943 1969 ex
958 1928 1022 1992 quo
1036 1905 1095 1969 sub
1108 1921 1267 1991 aequatore
1281 1930 1351 1992 spa·

60 2019 141 2082 tium
161 2038 220 2102 per
243 2015 327 2102 quod
349 2016 504 2078 maximus
526 2026 620 2078 aestus
641 2014 776 2100 agitatur
790 2013 831 2076 ad
847 2023 877 2091 8,
897 2020 947 2090 19,
967 2021 1005 2077 16
1018 2026 1054 2076 et
1067 2013 1172 2098 plures
1187 2014 1282 2098 podes
1297 2038 1351 2079 ex·

59 2150 190 2217 surgere
214 2140 325 2212 potest
383 2127 422 2190 ln
448 2124 628 2211 regionibus
651 2135 755 2187 autem
779 2123 819 2186 ab
842 2135 1001 2210 aequatore
1026 2124 1154 2187 remotis
1179 2124 1352 2189 invenimus

59 2233 308 2323 magnitudinem
331 2232 425 2297 oestirs
449 2245 555 2295 tenere
580 2230 732 2294 rationem
762 2230 949 2314 duplicatam
980 2230 1142 2294 cosinuum
1171 2230 1350 2297 elevationis

57 2343 135 2430 poli,
158 2342 243 2407 unde
265 2341 324 2406 sub
346 2341 517 2405 elevatione
538 2341 605 2425 poli
626 2337 702 2419 45⁰,
726 2339 910 2427 magnitudo
924 2339 1020 2402 aestirs
1035 2341 1157 2402 circitor
1177 2340 1275 2426 duplo
1293 2344 1351 2406 erit

57 2456 165 2519 minor
179 2452 273 2540 quem
290 2453 349 2516 svb
363 2453 433 2536 ipso
447 2465 624 2537 aequatore3
646 2450 733 2534 cujus
748 2450 860 2512 veritas
881 2449 914 2511 in
936 2448 1013 2511 locis
1027 2471 1047 2510 a
1061 2448 1215 2511 littoribus
1233 2450 1351 2537 aliquot

56 2565 204 2630 milliaria
218 2565 347 2629 remotis
368 2587 426 2649 per
442 2564 665 2648 experientiam
682 2560 795 2625 eximie
817 2559 1048 2644 comprobatur.
1093 2559 1350 2644 Deprehenditur

56 2678 144 2742 enim
164 2677 281 2764 ubique
302 2678 335 2741 in
357 2677 435 2740 locis
456 2698 476 2739 a
496 2675 653 2739 littoribus
674 2674 800 2737 remotis
821 2684 916 2735 aestus
937 2669 1037 2736 multe
1063 2670 1166 2733 minor
1190 2671 1283 2758 quem
1309 2671 1350 2736 ad

57 2785 184 2865 littora3
214 2788 302 2872 cujus
323 2786 510 2850 discriminis
532 2807 626 2849 causa
647 2784 680 2847 in
702 2782 842 2868 sequenti
866 2781 976 2865 Capite
997 2780 1132 2845 dilucide
1152 2781 1348 2846 indicabitur.

58 2895 242 2972 Quinetiam
257 2899 290 2962 in
304 2898 409 2963 medio
423 2899 502 2961 mari
517 2897 700 2981 plerumque
714 2907 809 2957 aestus
823 2892 926 2957 adhuc
938 2892 1039 2955 minor
1050 2892 1242 2969 observatur,
1256 2891 1350 2978 quem

57 3005 127 3070 haec
149 3006 258 3094 regula
280 3007 428 3093 requirit3
450 3007 484 3070 id
505 3019 609 3070 autem
631 3004 812 3069 ostendetur
834 3026 854 3067 a
875 3025 942 3067 non
962 3003 1036 3066 satis
1051 3001 1154 3086 ample
1169 3003 1277 3066 oceani
1293 3025 1348 3066 ex-

57 3119 199 3182 tensione
222 3116 393 3183 secundem
418 3117 646 3206 longitudinem
669 3116 836 3201 proficisci,
867 3094 1132 3202 quemadmodum
1160 3115 1193 3179 in
1219 3115 1349 3181 Oceano

58 3227 220 3293 Atlantico
242 3230 297 3313 qui
320 3226 427 3293 verses
451 3228 645 3292 occidentem
670 3228 825 3291 littoribus
850 3227 1025 3305 Americre3
1062 3224 1169 3292 versiis
1195 3228 1347 3291 orientem

58 3333 132 3398 vere
155 3334 311 3400 littoribus
338 3335 455 3400 Africae
481 3348 513 3399 et
539 3335 678 3420 Europae
701 3336 892 3412 terminatur,
920 3356 991 3421 quae
1016 3335 1189 3419 amplitudo
1214 3354 1278 3397 non
1302 3346 1349 3399 est

60 3444 131 3507 satis
151 3465 277 3531 magna,
299 3455 335 3508 ut
354 3444 509 3531 integram
530 3442 624 3507 aestlrs
644 3443 847 3527 quantitatem
868 3443 1026 3527 suscipere
1045 3455 1148 3528 queat.

102 3560 126 3638 §.
150 3563 223 3621 108.
255 3555 414 3631 Quartum
440 3555 671 3639 phaenomenon
697 3556 859 3618 varietates
884 3568 1059 3619 menstruas
1088 3555 1224 3639 respicit,
1255 3565 1348 3639 atque

63 3661 194 3726 ostendit
207 3675 313 3738 estus,
330 3662 384 3747 qui
401 3662 484 3725 circa
498 3661 671 3746 plenilunia
685 3675 716 3726 et
729 3661 889 3726 novilunia
903 3664 1098 3750 contingunt,
1119 3663 1199 3726 inter
1213 3662 1348 3747 reliquos

66 3770 196 3853 ejuslem
218 3770 333 3834 mensis
357 3791 424 3834 esse
443 3770 606 3849 maximos,
629 3785 724 3835 aestus
739 3769 813 3833 vere
828 3772 910 3834 circa
924 3771 1128 3856 quadraturas
1150 3771 1348 3834 luminarium

69 3878 223 3954 ninim0s3
253 3899 324 3963 quae
353 3879 548 3965 inaequalitas
574 3901 645 3943 tum
682 3878 802 3944 theorie
832 3880 938 3944 nostre
964 3879 1004 3944 ad
1030 3880 1176 3944 amussim
1206 3879 1371 3966 quadrat*
1409 3910 1411 3914 ⁴

72 3983 141 4050 clm
154 3988 240 4053 enim
253 3999 347 4052 aestus
361 3988 456 4051 maris
471 4009 536 4051 non
551 3987 653 4051 solum
667 3988 707 4051 ab
723 3988 759 4052 ee
775 3987 815 4064 vi,
839 4010 909 4073 quae
924 3988 1034 4051 vortici
1056 3988 1182 4052 Lunam
1196 3988 1348 4051 ambienti

72 4097 215 4179 competit,
231 4096 361 4173 oriatur,
385 4095 440 4160 sed
462 4096 556 4159 etiam
577 4119 596 4158 a
617 4096 648 4158 vi
672 4095 777 4160 Solem
799 4107 958 4180 spectante
979 4095 1124 4180 pendeat,
1147 4117 1218 4182 quoe
1238 4097 1347 4160 ceteris

72 4206 183 4284 paribus
209 4208 333 4273 circiter
358 4207 534 4294 quadruplo
559 4208 662 4270 minor
686 4221 734 4271 est
758 4209 788 4270 vi
814 4208 926 4285 Lunae,
951 4207 1148 4271 manifestum
1168 4220 1216 4270 est
1237 4220 1346 4270 aestum

74 4316 150 4380 muris
172 4317 346 4381 maximum
366 4339 434 4380 esse
460 4316 584 4393 debere,
611 4316 638 4378 si
659 4315 760 4379 ambae
782 4317 863 4379 vires
885 4317 965 4379 inter
987 4339 1020 4380 se
1042 4316 1230 4399 conspirent,
1254 4329 1347 4400 atque

75 4439 168 4508 tquum
183 4428 278 4493 simul
292 4429 342 4492 vel
357 4428 479 4493 elevent
493 4427 542 4490 vel
563 4427 751 4510 deprimant,
772 4426 806 4489 id
821 4426 906 4512 quod
921 4426 1062 4491 accidere
1077 4425 1269 4489 ostendimus
1283 4439 1346 4490 tarn

77 4528 234 4610 pleniluniis
258 4534 353 4622 quern
377 4534 556 4599 noviluniis.
601 4533 727 4598 Deinde
751 4533 844 4596 simili
868 4532 973 4610 modo,
1000 4532 1148 4618 quoniam
1172 4533 1240 4596 istae
1264 4534 1346 4596 vires

23 4664 26 4669 ·
76 4635 137 4708 inter
157 4671 191 4712 se
211 4646 350 4711 maxime
365 4646 546 4731 discrepant
567 4648 600 4709 in
615 4645 823 4732 quadraturis,
841 4645 952 4731 quibus
968 4644 1160 4730 temporibus
1174 4643 1251 4708 dum
1266 4666 1347 4729 aqua

18 4802 21 4807 .
74 4750 189 4818 alunt
211 4752 350 4817 maxime
372 4753 520 4831 elevatur,
544 4753 636 4817 simul
658 4777 678 4817 a
700 4752 774 4818 Sole
795 4752 931 4817 maxime
946 4752 1132 4837 deprimitur
1146 4773 1184 4816 ac
1198 4751 1342 4826 vicissim,

10 4916 15 4933 ,
69 4862 256 4947 perspicuum
268 4874 315 4927 est
328 4861 438 4927 iisdem
451 4863 643 4946 temporibus
654 4876 764 4926 aestum
776 4862 940 4926 minimum
953 4884 1021 4928 esse
1032 4862 1155 4927 debere.
1189 4860 1345 4925 Praetcrea

678 4972 697 5019 Z
711 4980 726 5020 8
