3300 5678
307 534 370 594 ata
552 517 819 600 INQUISlTlO
843 511 1047 580 PHYSICA
1072 506 1122 573 IN
1146 501 1343 571 CAUSAM
1474 519 1479 537 ·

306 697 346 761 Μ
358 695 430 761 LK
446 696 612 781 parallelus
627 695 788 782 aequatam,
805 693 836 754 in
853 713 917 778 quo
932 690 1025 754 Luna
1035 688 1101 774 jam
1116 698 1204 748 motu
1219 682 1334 746 diurno
1347 677 1589 756 circumferatur,

305 822 397 894 atque
412 808 472 871 hoc
483 821 643 871 momento
655 807 828 891 reperiatur
840 804 933 868 Luna
944 803 976 865 in
988 801 1030 877 L;
1047 801 1165 884 eritque
1177 811 1309 879 tempus,
1320 815 1384 879 quo
1394 793 1492 857 Luna
1501 793 1589 856 velex

307 918 335 982 L
350 918 390 981 ad
404 919 611 982 meridianum
629 917 667 980 M
687 916 831 1001 appellet,
855 914 904 978 vel
919 913 1008 1001 vicis·

307 1027 362 1090 sim
377 1051 396 1089 a
411 1026 583 1090 meridiano
599 1025 639 1089 ad
656 1025 685 1089 L
699 1025 836 1111 pertigit,
860 1036 895 1086 ut
909 1045 1008 1109 angu-

307 1133 353 1197 lus
377 1131 416 1196 M
433 1132 461 1196 P
476 1132 515 1209 L,
539 1133 604 1196 sive
620 1131 682 1195 hoo
697 1145 820 1214 tempus
835 1153 868 1194 se
883 1129 1012 1193 habebit

304 1240 345 1303 ad
375 1253 498 1324 tempus
532 1240 625 1302 unius
657 1238 858 1301 revolutionis
896 1237 1008 1312 Lunae‚

304 1349 389 1435 quod
420 1361 467 1412 est
498 1356 549 1412 24.
573 1346 723 1410 horarum
746 1349 808 1411 48‘.
831 1347 876 1409 uti
898 1368 932 1408 se
953 1345 1009 1408 ha·

304 1456 358 1520 bet
387 1455 520 1542 angulus
555 1453 594 1518 M
614 1454 642 1518 P
664 1454 693 1517 L
716 1453 757 1517 ad
782 1466 916 1538 quatuor
944 1474 1009 1516 rec·

305 1577 363 1627 tos.
414 1563 462 1627 sit
483 1562 578 1648 igitur
603 1562 710 1649 anguli
736 1561 776 1626 M
793 1560 865 1627 PL
887 1561 1009 1625 cosinus

303 1696 343 1738 ‚=
371 1684 394 1749 t,
418 1670 503 1734 sinus
529 1671 708 1734 elevationis
740 1670 806 1755 poli
840 1671 867 1734 P
894 1671 926 1735 Ο
955 1694 1009 1734 seu

305 1784 391 1847 sinus
416 1782 506 1846 arcus
534 1784 561 1847 P
584 1783 610 1846 Z
638 1808 669 1842 =
696 1806 728 1868 p,
760 1784 883 1846 cosinus
908 1819 942 1843 =
971 1785 1008 1862 P,

306 1914 343 1956 ac
376 1892 461 1955 sinus
495 1892 710 1956 declinationis
744 1893 846 1957 Lunae
876 1893 1010 1979 borealis

309 2035 344 2059 =
379 1999 422 2077 Q,
453 2002 507 2086 qui
543 2000 628 2065 idem
663 2015 711 2066 est
740 2003 825 2065 sinus
855 2002 1009 2065 distantiae

308 2107 410 2172 Lunae
425 2132 445 2172 a
458 2109 533 2193 polo
550 2110 577 2173 P
593 2107 632 2187 L,
655 2108 748 2194 hujus
764 2107 839 2172 verb
860 2110 957 2193 ipsius
972 2109 1063 2174 archs
1078 2110 1163 2173 sinus
1179 2108 1219 2171 sit
1237 2136 1272 2161 =
1291 2128 1322 2192 q,
1345 2107 1399 2169 cui
1414 2105 1509 2169 simul
1523 2105 1589 2169 cosi·

306 2237 365 2278 nus
380 2215 600 2280 declinationis
623 2216 725 2280 Lunae
740 2210 905 2302 aequatur,'
916 2229 1010 2302 atque
1025 2218 1066 2282 ob
1081 2218 1184 2280 sinum
1199 2228 1299 2279 totum
1314 2226 1500 2279 constanter
1520 2214 1589 2300 poa'·

306 2336 373 2387 tum
393 2359 427 2382 =
451 2333 479 2401 l,
496 2324 555 2387 erit
570 2320 629 2399 Q²
649 2336 681 2400 ‹1-
702 2322 750 2410 q²
768 2355 803 2379 =
825 2332 853 2387 1.
900 2323 982 2389 Ciun
1000 2326 1066 2409 jam
1082 2327 1116 2389 in
1132 2323 1289 2411 triangulo
1303 2323 1466 2407 sphaerico
1489 2321 1591 2387 ZPL

307 2430 420 2494 dentur
435 2453 525 2495 arcus
548 2432 575 2496 P
592 2431 618 2496 Z
641 2445 672 2494 et
695 2432 723 2496 P
739 2431 769 2496 L
791 2454 862 2496 cum
877 2431 993 2518 angulo
1010 2433 1035 2496 Z
1051 2432 1079 2495 P
1095 2432 1134 2509 L,
1150 2432 1323 2516 reperietur
1336 2454 1397 2516 per
1411 2432 1592 2518 trigonome·

306 2538 399 2602 triam
415 2537 599 2622 sphaericam
615 2538 706 2602 archs
723 2539 749 2602 Z
766 2540 795 2603 L
811 2539 934 2603 cosinus
953 2575 987 2598 =
1008 2552 1056 2624 tp
1072 2563 1093 2626 q
1113 2550 1145 2614 4
1166 2540 1194 2604 P
1210 2540 1253 2616 Q,
1273 2539 1327 2626 qui
1342 2540 1439 2603 simul
1456 2554 1505 2605 est
1518 2541 1592 2603 sinus

306 2645 480 2709 altitudinis
497 2644 599 2709 Lunae
615 2668 711 2730 supra
724 2645 929 2722 horizontem,
954 2669 1046 2731 quem
1062 2646 1135 2711 ante
1154 2648 1315 2731 posuimus
1333 2682 1370 2706 =
1392 2670 1422 2711 v,
1472 2648 1523 2712 Ex
1536 2645 1592 2733 qul·

306 2755 1591 2842 buseritv=tpq÷PQ,etavv-1=a(tpq÷PQ)²-1,

308 2862 1089 2952 atquesvv-8=5(tpq·l·PQ)²—3;
1112 2866 1165 2952 qui
1182 2865 1593 2950 valoresinsormulispra·

308 2971 446 3035 cedentis
464 2974 582 3058 Capitis
605 2975 766 3038 substituti
787 2973 977 3057 praebebunt
992 2985 1105 3036 statum
1126 2974 1229 3050 maris,
1253 2973 1314 3035 hoc
1330 2987 1380 3036 est
1395 2974 1448 3036 vel
1463 2975 1592 3038 elevatio

307 3103 381 3144 nem
396 3081 445 3143 vel
462 3081 704 3166 depressionem,
721 3105 781 3168 pro
796 3083 865 3145 loco
881 3081 1042 3165 proposito
1058 3081 1097 3143 ad
1114 3094 1235 3164 tempus
1252 3081 1460 3167 assignatum.

352 3197 375 3272 §.
392 3200 444 3254 48.
469 3191 568 3267 Quod
588 3194 614 3265 si
636 3217 712 3280 ergo
734 3194 836 3258 Lunae
850 3193 896 3254 vis
912 3191 1054 3254 absoluta
1068 3205 1204 3276 ponatur
1221 3193 1303 3269 =L,
1320 3194 1456 3279 ejusque
1472 3218 1491 3257 a
1507 3191 1592 3257 Tent

308 3299 507 3363 distantia:
526 3302 558 3377 b,
585 3303 643 3364 erit
665 3302 873 3378 intervallum,
898 3324 961 3385 quo
976 3324 1058 3385 aqua
1073 3324 1168 3385 supra
1183 3314 1297 3365 statum
1312 3303 1493 3367 naturalem
1508 3304 1593 3366 eleva·

307 3445 455 3522 (ΜΞ
472 3408 1591 3573 Ltssttuq÷PQ)⁹-1)÷L(tpq)÷PQ(pppq4PQ)-st

309 3642 380 3704 quae
400 3620 562 3703 expressio
585 3620 609 3681 si
634 3619 671 3682 fit
685 3515 838 3706 nebgativa
863 3620 980 3683 indicat
994 3642 1105 3705 aquam
1121 3620 1201 3684 infra
1216 3634 1329 3685 statum
1346 3625 1524 3689 naturalem
1537 3644 1593 3687 ense

309 3727 500 3812 depressam.
549 3728 707 3791 Ponamus
730 3727 855 3790 Lunam
877 3726 1039 3790 horizonte
1055 3749 1109 3788 seu
1125 3728 1233 3792 versds
1249 3744 1390 3793 austrum
1406 3754 1468 3815 per
1481 3728 1593 3795 meridi·

309 3860 404 3900 anum
427 3837 569 3914 transire,
593 3860 656 3923 quo
679 3861 752 3901 casu
774 3839 833 3902 erit
847 3851 860 3901 t
878 3873 912 3896 =
936 3848 971 3914 13
993 3837 1054 3900 hoc
1070 3838 1166 3924 igitur
1180 3853 1320 3925 tempore
1335 3866 1421 3928 aqua
1437 3866 1530 3928 supra
1542 3854 1593 3903 sta·

309 3997 374 4047 tum
401 3983 574 4046 naturalem
604 3984 662 4046 erit
691 3984 810 4048 elevata
833 3982 1054 4047 intervallo:
1081 3947 1588 4113 Qu

189 4296 192 4300 Ι
311 4158 1021 4324 ΜΨ
1078 4196 1199 4260 Contrd
1222 4199 1296 4262 verb
1322 4200 1401 4263 dum
1430 4203 1522 4266 Luna
1543 4200 1593 4264 sub

310 4346 471 4410 horizonte
493 4348 542 4410 vel
565 4346 672 4411 versus
693 4348 819 4410 boream
842 4347 883 4409 ad
905 4347 1112 4410 meridianum
1135 4349 1273 4433 appellit,
1291 4352 1346 4415 fiet
1367 4352 1501 4418 elevatio
1515 4377 1593 4439 aqua

1145 4459 1478 4544 norw-
1504 4468 1533 4543 ι)

310 4515 403 4577 supra
428 4507 541 4557 statum
568 4495 740 4559 naturalem
766 4516 822 4578 per
853 4497 1115 4561 intervallum:

311 4668 688 4829 LPQ(52IL²⁴Q²-
704 4674 736 4750 3)

1559 4517 1593 4594 ÷

746 4735 755 4786 ;
774 4733 845 4796 quae
860 4713 1020 4794 expressio
1036 4735 1159 4796 semper
1174 4725 1220 4776 est
1235 4714 1389 4798 negatiia,
1408 4714 1563 4800 ideoque
1556 4733 1596 4774 m·
