3330 5692
196 570 278 635 Cir.
296 569 360 650 ΙῙ.]
578 571 645 636 ΑΙ)
667 571 890 640 TERTIUM
912 575 1111 643 LIBRUM.
1405 582 1485 648 xxiii

192 744 301 832 igitur,
319 745 435 822 Lame,
449 745 586 809 lixarum
600 768 638 810 ae
652 746 789 812 siderum
804 750 944 813 omnium
955 750 1045 815 extri
1054 765 1232 818 terrestrem
1244 756 1483 841 atmospbaeram

192 854 444 930 constitutorum,
459 854 493 916 in
506 854 634 938 paribus
650 878 669 918 a
683 856 797 919 vertice
812 856 966 921 distantiis
981 858 1182 925 refractiones
1197 877 1269 927 sunt
1282 866 1427 951 (equales.

236 968 289 1027 26.
326 960 472 1026 Siderum
500 959 645 1025 refractio
670 962 712 1025 ad
738 963 877 1051 singulos
906 963 1080 1030 altitudinis
1109 969 1236 1056 gradus,
1267 971 1481 1038 observatione

189 1070 317 1135 definiri
342 1085 456 1157 potest
500 1071 579 1136 Esto
605 1070 643 1136 H
670 1073 701 1136 R
726 1071 866 1150 horizon,
896 1074 923 1138 P
948 1076 1040 1158 polus
1062 1077 1183 1155 mundi,
1207 1078 1252 1143 AE
1275 1080 1308 1155 Q
1329 1097 1482 1168 aequatur,

190 1181 222 1246 P
238 1182 265 1246 Z
282 1181 320 1246 H
342 1182 543 1258 meridianus,
569 1181 596 1245 Z
612 1182 636 1246 S
651 1180 682 1244 V
703 1181 838 1245 circulus
864 1184 1029 1263 verticalis,
1055 1185 1083 1250 P
1100 1187 1123 1251 S
1138 1187 1172 1251 D
1194 1200 1226 1251 et
1249 1188 1277 1252 P
1291 1212 1306 1252 s
1320 1189 1352 1267 d,
1375 1192 1483 1256 circuli

188 1286 418 1353 dedimtionis.
479 1288 585 1353 Stellte
613 1286 688 1350 fixoe
726 1287 753 1352 F
782 1287 882 1374 propi

188 1395 295 1461 aenitb
325 1398 502 1463 constitutae
531 1396 713 1460 observetur
750 1397 881 1461 altitudo

187 1506 365 1570 meridiana
399 1507 437 1571 H
473 1505 510 1583 F,
547 1528 619 1592 quae
648 1529 668 1569 a
696 1505 882 1570 refractione

187 1616 289 1681 libera
310 1627 367 1693 est,
394 1627 427 1678 et
451 1613 525 1678 inde
547 1626 676 1677 eruatur
697 1616 763 1699 ejus
786 1614 882 1678 decli·

187 1726 276 1790 natio
300 1723 391 1789 1²AE
410 1724 491 1808 (14).
547 1721 672 1787 Deinde
698 1724 881 1788 observetur
942 1785 944 1792 .

187 1833 330 1920 ejusdem
358 1830 458 1897 stellae
486 1832 521 1895 in
552 1833 576 1897 S
604 1832 716 1918 positae
747 1832 880 1897 altitudo

186 1941 338 2031 qualibet
365 1941 388 2006 S
403 1939 444 2018 V,
467 1955 500 2006 et
514 1963 575 2025 ope
588 1941 744 2030 horologii
759 1941 878 2006 oscilla·

186 2051 261 2115 torii
277 2061 404 2114 notetur
416 2062 540 2134 tempus
552 2049 637 2136 quod
652 2051 733 2115 inter
747 2052 878 2136 primam
924 2057 959 2116 fl
1013 2054 1019 2074 '

187 2178 222 2229 et
242 2163 415 2228 secundam
434 2162 683 2228 observationem
703 2165 878 2244 intercedit,

185 2288 220 2338 et
234 2273 412 2337 inveniatur
426 2294 517 2336 arcus
533 2274 701 2360 aequatoris
716 2272 762 2337 ΖΕ
777 2273 811 2338 D
827 2275 880 2361 qui

184 2405 225 2447 eo
253 2396 397 2467 tempore
424 2402 483 2466 per
518 2382 725 2446 meridianum
758 2384 881 2448 transiit

184 2492 267 2576 (16).
315 2489 413 2556 Stella
435 2513 507 2576 quae
532 2492 574 2555 ob
599 2490 819 2556 refractionem
845 2494 879 2557 in

183 2600 256 2665 looo
280 2601 382 2665 altiori
404 2613 565 2686 supparet
587 2602 627 2666 sit
648 2602 756 2667 reversa
778 2603 813 2666 in
836 2604 869 2682 S,
894 2604 954 2669 erit
976 2604 1004 2669 P
1020 2606 1044 2671 S
1059 2605 1093 2670 D
1108 2607 1243 2674 circulus
1265 2610 1481 2677 declinationis

186 2709 285 2776 stellae
307 2710 340 2773 in
363 2711 387 2776 S
409 2711 596 2788 constitute,
620 2724 652 2776 et
671 2712 704 2791 in
726 2712 885 2800 triangulo
910 2714 1030 2790 PZS,
1054 2714 1180 2780 debitur
1202 2720 1334 2808 angulus
1358 2722 1384 2786 Z
1402 2721 1479 2796 PS,

186 2825 273 2908 cujus
295 2845 443 2887 mensura
463 2835 511 2886 est
531 2845 624 2887 arcus
639 2822 684 2887 AE
700 2823 734 2888 D
758 2846 828 2887 cum
851 2823 948 2888 latere
968 2825 995 2889 P
1012 2823 1037 2888 Z
1052 2825 1138 2910 quod
1153 2839 1199 2890 est
1212 2828 1358 2893 distantia
1381 2830 1446 2913 poli
1462 2851 1481 2892 a

185 2936 301 2999 vertice
315 2947 347 2998 et
361 2935 458 2998 latere
476 2935 503 2998 P
516 2936 549 3011 S,
566 2933 651 3021 quod
666 2946 713 2997 est
728 2927 946 2997 declinationis
958 2932 992 2997 D
1006 2934 1029 2996 S
1041 2956 1095 2996 seu
1108 2933 1154 2996 AE
1167 2935 1194 2998 F
1205 2936 1479 3021 complementum,

185 3043 268 3109 unde
291 3044 451 3108 invenitur
472 3043 553 3108 latus
577 3045 603 3108 Z
627 3045 650 3108 S
670 3065 741 3106 erun
757 3042 921 3107 altitudine
939 3043 962 3107 S
977 3042 1018 3119 V,
1035 3044 1265 3129 complemento
1279 3047 1386 3113 lateris
1403 3050 1429 3113 Z
1446 3052 1479 3114 S.

188 3156 221 3220 Si
244 3153 324 3243 ergb
346 3177 387 3220 ex
409 3152 572 3218 altitudine
594 3152 757 3217 observati
787 3171 802 3212 s
828 3151 870 3230 V,
894 3151 1090 3217 subducatur
1109 3152 1241 3219 altitudo
1255 3157 1382 3222 inventa
1399 3159 1422 3223 S
1438 3158 1479 3237 V,

185 3286 255 3349 quae
270 3287 290 3327 a
304 3261 490 3327 refractione
505 3262 603 3326 libera
617 3274 674 3338 est,
691 3260 818 3325 dabitur
833 3283 924 3325 arcus
941 3262 965 3326 S
977 3284 1002 3338 s,
1019 3259 1164 3325 refractio
1179 3262 1277 3327 stellae
1291 3265 1323 3327 in
1339 3266 1481 3350 quolibet
1578 3296 1581 3300 ⁴

184 3373 286 3461 gradu
308 3371 493 3436 altitudinis.
540 3370 616 3434 Hoc
636 3369 732 3434 modo
755 3370 799 3435 D.
818 3369 871 3435 De
890 3370 922 3434 la
944 3370 1027 3434 Hire
1048 3371 1080 3433 in
1104 3371 1235 3438 Tabulis
1252 3376 1480 3439 Astronomicis

184 3479 360 3544 observavit
373 3477 575 3542 refractiones
591 3476 727 3541 siderum
744 3478 874 3542 diversis
889 3479 964 3541 anni
980 3480 1226 3563 tempestatibus,
1244 3482 1361 3568 inpari
1376 3483 1480 3546 altitu·

183 3588 255 3655 dine
270 3589 396 3654 easdem
418 3611 486 3653 esse
509 3589 648 3674 exceptis
664 3587 901 3653 refractionibus
921 3587 1004 3653 circi
1018 3588 1211 3654 horizontem
1228 3614 1304 3677 quas
1323 3590 1480 3654 nonnullis

182 3698 398 3763 inconstantiis
420 3696 574 3761 obnoxias
585 3709 735 3782 expertus
757 3710 817 3775 est,
840 3697 934 3784 atque
957 3698 1032 3762 hinc
1053 3700 1178 3764 unicam
1202 3701 1339 3765 tabulam
1366 3701 1480 3766 refrac-

183 3807 306 3871 tionum
320 3826 362 3868 ex
377 3803 453 3889 ipsis
468 3803 739 3867 observationibus
754 3802 922 3868 deductam
938 3805 1107 3883 constituit,
1121 3829 1214 3892 quam
1224 3819 1333 3890 postea
1344 3809 1480 3872 correxit

184 3915 227 3981 Ι).
252 3912 413 3988 Cassinus,
437 3924 469 3975 et
489 3910 526 3975 eri
549 3909 689 3975 correcti
712 3923 844 3976 utuntur
866 3913 1046 3977 astronomi.
1097 3914 1256 3989 Quoniam
1279 3914 1355 3978 verb
1376 3917 1479 3980 radio-

183 4046 252 4089 rum
274 4021 353 4086 lucis
375 4021 409 4084 in
431 4019 672 4105 atmospboeram
696 4019 904 4085 incidentium
926 4021 1093 4107 obliquitas
1116 4044 1187 4085 cum
1203 4021 1312 4085 sideris
1328 4046 1348 4086 a
1361 4024 1476 4088 vertice

183 4126 329 4193 distantiis
352 4127 473 4204 crescit,
497 4125 609 4190 iisdem
631 4127 903 4192 observationibus
925 4127 1047 4191 invenit
1070 4126 1270 4192 refractiones
1296 4130 1434 4195 siderum
1459 4155 1479 4195 a

182 4238 299 4301 vertice
313 4236 356 4300 ad
369 4234 566 4298 horizontem
580 4233 679 4321 usque
695 4234 750 4298 ubi
764 4235 913 4298 maximae
927 4248 1010 4312 suut,
1028 4234 1178 4300 continuo
1193 4237 1317 4324 augeri3
1345 4250 1378 4301 at
1392 4238 1478 4323 quod

183 4366 222 4408 ex
243 4342 354 4407 alienis
376 4342 648 4406 observationibus
673 4341 881 4427 supponebat,
908 4341 1053 4406 videlicet
1078 4340 1277 4408 refractiones
1304 4343 1478 4408 borealium

181 4452 346 4541 regionum
362 4448 430 4535 ipsis
445 4450 539 4514 etiarn
554 4462 671 4527 aestate,
688 4449 783 4538 longe
795 4451 930 4536 majores
945 4473 1013 4514 esse
1029 4447 1122 4536 quim
1137 4450 1169 4513 in
1183 4453 1271 4515 zonis
1286 4454 1478 4537 temperatis,

180 4559 214 4625 id
234 4558 364 4624 minime
387 4581 497 4623 verum
518 4582 586 4623 esse
608 4559 780 4623 ostendunt
806 4559 1015 4623 accuratiores
1040 4558 1272 4623 observationes
1301 4561 1342 4624 ab
1366 4562 1477 4626 acade-

180 4670 266 4734 micis
299 4668 527 4733 Parisiensibus
558 4667 598 4732 ad
630 4667 782 4731 circulum
811 4666 951 4753 polarem
980 4664 1106 4744 habitae,
1136 4668 1248 4754 quibus
1277 4667 1476 4736 refractiones

180 4780 273 4844 etiarn
296 4776 509 4843 horizontales
534 4777 761 4842 Parisieusibus
784 4775 919 4862 aequales
941 4777 1135 4842 invenerunt
1181 4779 1262 4843 Vide
1278 4778 1416 4846 Domini.
1424 4781 1477 4847 De

802 4885 843 4930 aa
