3330 5692
191 593 499 674 annuamus]
549 593 789 659 pernoram
813 573 1181 660 uarflauarrca.
1413 607 1470 665 201

188 763 268 831 nihil
290 765 406 849 patitur
427 786 468 828 ex
490 785 658 848 corporum
679 764 831 827 motibus:
854 763 908 827 illa
928 763 1047 828 nubam
1062 765 1199 828 sentiunt
1213 765 1418 832 resistentiam
1432 791 1473 833 cx

190 871 442 956 omupraesentit
471 871 531 935 dei.
591 872 698 936 Deum
728 894 883 935 summurn
911 872 1086 937 necessarii)
1115 875 1247 938 existere
1273 874 1306 937 in
1331 876 1473 941 confesso

189 995 253 1048 est:
283 995 316 1046 et
342 982 452 1047 eidem
481 983 664 1046 necessitate
692 1005 805 1065 semper
833 995 880 1046 est
909 993 942 1046 et
969 984 1084 1067 ubique.
1150 983 1246 1048 Unde
1271 984 1365 1047 etiam
1389 997 1473 1051 totus

189 1104 236 1156 est
250 1091 300 1155 sui
317 1091 434 1168 similis,
457 1103 540 1155 totus
563 1091 681 1168 oculus,
698 1104 781 1155 totus
803 1093 897 1169 auris,
914 1104 997 1157 totus
1012 1094 1184 1171 cerebrum,
1201 1104 1284 1158 totus
1298 1094 1471 1173 brachium,

188 1210 273 1262 totus
294 1198 341 1261 vis
362 1196 525 1274 sentiendi,
556 1198 760 1285 intelligendi,
784 1212 815 1263 et
836 1199 958 1286 agendi,
986 1199 1042 1264 sed
1063 1223 1150 1265 more
1171 1202 1298 1265 minime
1321 1202 1470 1280 humano,

187 1328 276 1370 more
303 1305 432 1369 minime
468 1328 631 1390 corporeo,
667 1329 755 1371 more
784 1307 875 1371 nobis
910 1330 1038 1392 prorsus
1066 1311 1234 1397 incognito.
1295 1311 1343 1378 Ut
1371 1334 1473 1376 caecus

187 1438 252 1481 non
274 1416 369 1481 habet
389 1415 491 1481 ideam
507 1417 657 1496 colorum,
680 1418 724 1481 sic
743 1440 800 1482 nos
822 1419 924 1488 ideam
945 1441 1010 1484 nou
1031 1421 1181 1487 habemus
1203 1423 1379 1500 modorum,
1403 1425 1472 1510 qui-

187 1527 247 1591 bus
272 1527 351 1592 deus
379 1528 623 1612 sapientissimus
649 1528 742 1592 sentit
765 1541 796 1593 et
823 1529 968 1616 intelligit
993 1532 1107 1595 omnia.
1160 1531 1303 1616 Corpore
1325 1534 1412 1596 omni
1441 1544 1473 1597 et

187 1632 291 1721 ligura
314 1634 464 1719 corporei
486 1657 615 1719 prorsus
638 1634 825 1712 destituitur,
849 1636 982 1722 ideoque
1004 1636 1102 1702 videri
1123 1660 1186 1700 non
1209 1651 1321 1723 potest,
1343 1662 1402 1703 nec
1416 1662 1472 1704 au·

188 1742 259 1820 diri,
282 1764 342 1818 nec
364 1744 459 1830 tangi,
483 1765 542 1808 nec
563 1745 621 1808 sub
643 1746 745 1828 specie
766 1746 811 1808 rei
833 1745 962 1831 alicujus
977 1769 1137 1832 corporeae
1152 1749 1211 1812 coli
1234 1749 1335 1813 debet.
1380 1748 1472 1813 Ideas

186 1849 337 1914 habemus
358 1852 577 1915 attributorum
598 1853 674 1936 ejus,
698 1852 753 1916 sed
774 1852 850 1938 quid
872 1854 912 1917 sit
935 1855 981 1918 rei
1002 1855 1131 1940 alicujus
1153 1856 1325 1922 substantia
1343 1855 1471 1921 minime

187 1956 412 2045 cognoscimus.
468 1957 618 2021 Videmus
641 1957 762 2022 tannim
786 1981 953 2043 corporum
977 1960 1094 2047 figuras
1119 1975 1150 2025 et
1172 1962 1302 2039 colores,
1329 1962 1473 2027 audimus

187 2063 317 2131 tauttim.
330 2087 434 2144 sonos
462 2067 618 2152 tangimus
643 2065 765 2131 tannim
791 2068 970 2151 superficies
992 2083 1146 2148 externas,
1174 2071 1335 2136 olfacimus
1359 2071 1471 2136 odores

188 2173 281 2250 solos,
297 2185 329 2237 et
342 2185 503 2260 gustamus
518 2196 661 2258 sapores:
685 2175 809 2238 intimas
824 2173 1010 2238 substantias
1025 2177 1113 2239 nullo
1128 2199 1231 2254 sensu,
1249 2177 1335 2241 nulli
1350 2180 1472 2243 actione

187 2283 301 2347 reflexi
326 2283 561 2370 cognoscimus3
594 2296 625 2345 et
650 2281 749 2344 multd
774 2279 878 2344 minuis
901 2281 1003 2343 ideam
1029 2280 1179 2345 habemus
1204 2283 1384 2346 substantiae
1410 2284 1470 2348 dei.

187 2388 289 2453 Hunc
311 2388 527 2476 cognoscimus
549 2387 745 2450 solummodo
765 2408 823 2470 per
836 2385 1042 2470 proprietates
1057 2387 1122 2470 ejus
1137 2400 1168 2450 et
1182 2387 1338 2465 attributa,
1362 2402 1393 2452 et
1414 2410 1471 2472 per

186 2495 425 2582 sapientissimas
440 2507 472 2559 et
486 2494 617 2578 optimas
633 2515 738 2557 rerum
753 2506 921 2556 structuras
936 2505 967 2556 et
982 2514 1089 2556 causas
1104 2492 1223 2570 finales,
1236 2507 1268 2558 et
1281 2494 1472 2558 admiramur

190 2606 231 2669 ob
251 2602 473 2688 perfectiones3
500 2622 685 2664 veneramur
706 2612 809 2664 autem
832 2612 864 2663 et
885 2598 1016 2662 colimus
1039 2600 1080 2662 ob
1102 2600 1284 2665 dominium.
1331 2602 1471 2666 Colimus

187 2713 271 2777 enim
292 2722 327 2775 ut
349 2709 439 2785 servi,
463 2721 495 2772 et
509 2707 587 2770 deus
602 2707 669 2770 sine
683 2705 831 2783 dominio,
846 2704 1052 2794 providentii,
1076 2719 1107 2770 et
1122 2708 1220 2771 causis
1235 2709 1380 2772 finalibus
1394 2709 1472 2772 nihil

185 2817 272 2884 aliud
294 2828 341 2881 est
362 2813 456 2902 quam
477 2815 576 2878 fatum
591 2826 622 2877 et
635 2825 756 2877 natura.
803 2812 833 2876 A
856 2810 937 2875 caecti
953 2813 1135 2878 necessitate
1155 2814 1376 2901 metaphysicti‚
1399 2839 1471 2902 quae

184 2929 293 3014 utique
314 2926 422 2991 eadem
444 2938 493 2990 est
514 2947 637 3008 semper
658 2936 690 2987 et
710 2924 835 3009 ubique,
859 2921 945 2985 nulla
965 2923 1064 2987 oritur
1085 2945 1189 2986 rerum
1203 2925 1341 2989 variatio.
1387 2926 1470 2989 Tota

184 3058 293 3101 rerum
314 3033 510 3098 conditarum
530 3054 590 3116 pro
611 3031 688 3095 locis
702 3053 738 3093 ac
753 3029 945 3114 temporibus
960 3028 1132 3106 diversitas,
1149 3030 1189 3093 ab
1203 3030 1291 3107 ideis,
1314 3044 1346 3095 et
1360 3031 1471 3094 volun-

184 3155 251 3208 tate
272 3142 353 3206 entis
375 3138 550 3204 necessarii>
572 3138 731 3202 existentis
754 3136 950 3201 solummodo
972 3136 1048 3199 oriri
1069 3137 1180 3221 potuit
1226 3138 1352 3202 Dicitur
1365 3153 1470 3202 autem

186 3252 264 3316 deus
286 3273 344 3336 per
366 3249 547 3336 allegoriam
568 3247 683 3325 videre,
707 3248 824 3324 audire,
847 3247 944 3334 loqui,
967 3247 1079 3324 ridere,
1106 3270 1219 3324 amare,
1246 3248 1320 3311 odio
1341 3247 1468 3324 habere,

185 3381 312 3443 cupere,
327 3359 412 3436 dare,
430 3358 580 3441 accipere,
597 3356 744 3445 gaudere,
760 3357 861 3433 irasci,
876 3379 1028 3444 pugnare,
1044 3355 1206 3434 fabricare,
1229 3358 1373 3434 condere,
1396 3380 1471 3421 con-

185 3480 314 3531 struere.
360 3465 444 3529 Nam
467 3486 570 3528 sermo
592 3463 692 3528 omnis
714 3464 754 3527 de
776 3462 836 3527 deo
850 3487 869 3526 a
883 3464 976 3527 rebus
995 3463 1138 3526 humanis
1159 3485 1216 3547 per
1237 3463 1470 3527 similitudinem

191 3577 328 3661 aliquam
343 3574 524 3650 desumitur,
540 3595 604 3637 non
619 3572 786 3657 perfectam
801 3573 937 3660 quidem,
953 3572 1008 3636 sed
1023 3571 1187 3658 aliqualem
1201 3585 1317 3637 tamen.
1345 3572 1389 3638 Et
1401 3573 1471 3637 haec

185 3684 227 3748 de
241 3682 324 3759 Deo,
340 3682 458 3767 dequo
473 3681 579 3766 utique
594 3702 634 3744 ex
648 3679 863 3764 phaenomenis
874 3678 1034 3755 disserere,
1047 3678 1087 3742 ad
1101 3677 1330 3764 philosophiam
1344 3690 1470 3742 natura-

183 3791 247 3855 lem
284 3791 405 3853 crtinet.

243 3813 409 3963 llacteuus
434 3895 641 3980 phaenomena
664 3893 814 3957 coelorum
839 3905 871 3955 et
896 3892 990 3955 maris
1015 3892 1112 3955 nostri
1135 3913 1192 3974 per
1217 3893 1280 3954 vim
1309 3891 1469 3980 gravitatis

182 4005 326 4089 exposui,
343 4002 398 4068 sed
414 4023 538 4066 causam
554 3999 714 4088 gravitatis
728 3998 869 4062 nondum
885 3999 1047 4085 assignavi.
1094 3998 1205 4062 Oritur
1219 3999 1326 4083 utique
1341 3997 1409 4061 hoec
1423 4000 1469 4060 vis

183 4139 204 4179 a
226 4115 318 4179 causti
340 4113 454 4199 aliqui,
478 4134 549 4197 quae
569 4125 712 4197 penetrat
728 4111 767 4174 ad
783 4132 880 4182 usaue
896 4122 1002 4172 centra
1021 4107 1102 4172 Solis
1124 4124 1155 4170 et
1176 4107 1381 4191 planetarum,
1404 4109 1471 4172 sine

181 4225 306 4290 virtutis
321 4223 547 4297 diminutione3
570 4242 702 4306 quaeque
717 4236 783 4306 agit
796 4241 861 4282 non
875 4240 934 4302 pro
949 4216 1120 4303 quantitate
1133 4217 1353 4298 superficierum
1374 4218 1471 4300 parti-

183 4334 335 4411 cularum,
359 4334 393 4397 in
414 4354 491 4418 quas
513 4331 579 4418 agit
601 4335 650 4415 (ut
672 4329 773 4393 solent
795 4350 897 4391 causae
918 4325 1119 4405 mechanicae)
1143 4325 1197 4388 sed
1219 4347 1278 4408 pro
1300 4328 1471 4411 quantitate

181 4444 322 4506 materiae
344 4444 450 4506 solidae
460 4476 472 4514 ,·
497 4453 529 4504 et
549 4440 637 4524 cujus
661 4439 742 4501 actio
763 4438 796 4501 in
817 4437 983 4499 immensas
998 4434 1159 4498 distantias
1174 4433 1312 4519 undique
1328 4437 1470 4500 extendi·

181 4568 244 4628 tur,
267 4551 477 4615 decrescendo
492 4570 615 4633 semper
636 4548 668 4610 iu
691 4546 847 4630 duplicata
863 4546 982 4609 ratione
997 4544 1223 4608 distantiarum.
1270 4546 1415 4610 Gravitas
1437 4549 1470 4610 in

184 4662 290 4728 Solem
312 4663 511 4746 componitur
532 4683 571 4724 ex
594 4658 797 4746 gravitatibus
819 4657 851 4719 in
874 4654 1011 4741 singulas
1028 4652 1109 4719 Solis
1130 4654 1309 4736 particulas,
1332 4670 1363 4720 et
1384 4679 1469 4720 rece·

183 4770 290 4838 dendo
315 4795 333 4835 a
362 4774 435 4838 Sole
450 4771 603 4863 deopescit
628 4767 771 4833 accurate
795 4768 827 4830 in
853 4764 1009 4849 duplicati
1040 4765 1157 4828 ratione
1185 4766 1399 4831 distantiarum
1429 4765 1470 4829 ad
