3330 5692
190 561 254 619 314
335 572 342 578 ·
444 546 712 630 INQUtsmo
734 554 941 626 PHYSICA
963 560 1015 627 IN
1039 561 1234 629 CAUSAM

188 739 336 804 turn,
352 727 571 816 cotinus=y,
593 750 631 797 ac
654 732 796 799 celeritas
822 757 916 820 quam
930 737 1059 822 aquain
1075 736 1116 803 M
1137 736 1242 815 babet,
1264 738 1378 804 vernia
1397 762 1481 806 ocea-

189 838 432 906 sum-ruerit
453 836 512 904 dn
535 853 571 906 ut
592 850 713 930 2η.-
741 841 824 908 cnm
845 856 950 909 autem
971 844 1375 913 elementumarctsant
1396 849 1480 916 drot

188 950 274 1066 ἐξ
296 1012 371 1056 narn
391 989 527 1078 liguram
548 989 646 1055 instar
668 993 776 1057 circuli
797 993 989 1060 considerari
1008 994 1099 1061 licet:
1121 997 1181 1061 erit
1202 996 1262 1062 da
1283 1009 1321 1061 at
1337 1004 1359 1061 2
1374 1019 1400 1062 x
1413 996 1476 1073 dx,

213 1078 236 1142 8

191 1173 285 1248 atque
308 1185 330 1228 u
357 1163 594 1250 proportionale
621 1165 681 1229 erit
710 1165 770 1250 ipsi

189 1276 210 1332 2
224 1291 248 1333 x
261 1292 285 1333 x
295 1307 339 1321 -
352 1279 366 1334 1
386 1271 539 1357 ejusmodi
557 1272 678 1358 adjecta
691 1295 767 1338 con-

189 1388 299 1454 stante,
316 1389 352 1441 ut
366 1377 420 1441 ubi
433 1377 473 1441 M
482 1400 515 1440 m
526 1391 574 1442 est
583 1380 765 1458 maximum,

188 1481 232 1545 ibi
248 1483 389 1547 celeritas
404 1497 577 1549 evanescat.
615 1485 711 1550 Hanc
725 1486 767 1550 ob

190 1609 258 1653 rem
281 1589 342 1653 erit
367 1588 508 1654 celeritas
533 1590 567 1654 in
593 1590 663 1655 loco
688 1614 767 1677 quo-

189 1721 314 1785 cunque
341 1698 391 1777 M,
423 1722 517 1786 quam
546 1723 628 1787 aqua
655 1699 766 1767 vereris

189 1807 383 1872 occidentem
404 1809 542 1887 habebit,
569 1810 615 1873 uti
640 1811 765 1875 cosinus

192 1916 282 2001 rupa
303 1917 410 2005 anguli
435 1916 476 1983 M
492 1918 520 1983 c
535 1919 577 1982 A.
623 1918 768 1983 Maxima
832 1885 861 1942 ¹³

189 2026 287 2114 igitur
300 2049 391 2114 aquae
405 2027 547 2092 celeritas
560 2025 668 2093 versrls
683 2029 766 2092 occi-

188 2133 315 2197 dentem
330 2135 390 2198 erit
403 2134 435 2198 in
450 2134 487 2198 iia
501 2134 589 2214 locis,
604 2134 638 2199 in
653 2136 766 2222 quibus

188 2264 271 2328 aqua
291 2242 427 2307 maxime
449 2256 497 2308 est
519 2243 655 2322 elevata3
679 2245 767 2309 huic·

190 2373 253 2437 que
267 2351 416 2416 celeritati
430 2351 558 2438 aequalis
572 2364 620 2416 est
634 2375 681 2431 ea,
703 2352 765 2438 qual

189 2481 272 2545 aqua
285 2460 318 2522 in
333 2459 409 2524 locis
424 2460 479 2523 ubi
500 2459 636 2524 unanime
651 2473 698 2524 est
711 2460 767 2524 de·
810 2443 838 2493 θ’

189 2593 307 2657 pressa,
321 2568 428 2636 vcrsris
439 2571 591 2636 orientem
601 2593 767 2656 promove·

128 2748 131 2754 ,
192 2690 263 2755 tur;
296 2678 322 2741 si
348 2676 475 2764 quidem
501 2677 570 2742 haec
593 2678 627 2741 in
651 2676 768 2741 circulo
907 2639 1005 2754 ᾗ

191 2786 261 2851 fieri
275 2787 496 2872 concipiamus,
512 2809 585 2851 nam
600 2787 634 2850 in
644 2786 768 2872 sphaera

187 2907 291 2959 motus
317 2894 510 2981 aliquantum
532 2894 671 2959 diversus
697 2896 765 2972 erit,

188 2999 245 3063 aed
269 3013 373 3064 tamen
395 3000 470 3064 hinc
490 3000 621 3087 intelligi
642 3001 767 3086 poterit
814 3003 858 3064 At
878 2999 911 3063 in
933 2999 1009 3064 locis
1031 3023 1103 3086 qma
1124 3002 1165 3066 ab
1187 3004 1264 3068 Aet
1281 3004 1311 3070 B
1328 3016 1372 3073 45
1392 3003 1465 3096 gred-

191 3109 317 3187 distant,
334 3111 376 3174 ob
390 3111 532 3174 cosinum
547 3110 635 3195 dupli
652 3111 760 3198 anguli
780 3138 815 3166 =
837 3119 869 3187 0,
893 3131 974 3194 aqua
987 3110 1115 3174 omnino
1130 3111 1251 3175 nullum
1271 3113 1402 3180 babebit
1412 3137 1465 3179 mo

187 3234 256 3284 tum
276 3220 511 3285 horizontalem.
558 3220 608 3283 Ex
631 3220 679 3284 his
701 3221 797 3308 igitur
818 3241 884 3283 non
905 3218 1007 3282 solum
1028 3231 1131 3283 motus
1152 3242 1244 3306 aquae
1264 3223 1464 3310 progressivae

187 3327 398 3414 cognoscitur,
430 3349 493 3412 quo
522 3327 641 3390 alterna
670 3326 803 3391 elevatio
832 3347 868 3390 ac
892 3324 1051 3410 depressio
1079 3327 1275 3410 producitur,
1302 3330 1359 3394 sed
1387 3330 1463 3395 erim

186 3434 361 3500 luculenter
382 3435 643 3520 perturbationes,
667 3457 738 3521 quae
760 3460 779 3498 a
802 3434 921 3511 Terris,
944 3432 1099 3497 littoribus
1122 3448 1215 3520 atque
1229 3437 1325 3500 etiam
1348 3434 1462 3501 afundo

186 3548 280 3612 maria
294 3546 450 3633 proficisci
465 3561 604 3631 possunt,
620 3548 863 3632 perspiciuntur.
902 3544 1050 3608 Ceterum
1064 3567 1243 3631 quanquam
1259 3548 1356 3612 sectio
1368 3558 1458 3610 norm

187 3654 282 3738 plana
304 3656 335 3719 A
350 3654 384 3719 D
401 3654 474 3718 BE
498 3667 689 3740 aequatorem
711 3653 812 3717 solum
837 3652 985 3716 denotare
1011 3650 1143 3727 videtur,
1171 3665 1277 3716 tamen
1303 3652 1403 3719 eadem
1423 3648 1456 3714 ad

185 3766 371 3850 parallelum
397 3766 536 3852 quemvis
586 3765 825 3853 significandum
863 3763 937 3826 satis
971 3761 1135 3825 commode
1171 3762 1317 3827 adhiberi
1355 3772 1454 3848 potest:

186 3874 261 3958 quin
284 3875 378 3938 etiarn
399 3858 502 3937 motus
524 3894 584 3958 pro
606 3873 728 3958 spbaera
751 3872 826 3936 hinc
841 3872 914 3936 satis
929 3868 1071 3934 distincte*
1091 3870 1196 3958 colligi
1218 3872 1345 3955 poterit,
1370 3886 1452 3956 open

185 3983 269 4045 enirn
291 3983 427 4068 pretium
448 4004 513 4046 non
533 3983 720 4067 judicamus,
747 4004 805 4066 per
826 3981 997 4045 solidorum
1020 3980 1285 4044 introductionem
1306 3980 1385 4046 hanc
1402 3995 1453 4042 rem

187 4093 315 4179 cognitu
329 4092 418 4158 tanto
433 4093 638 4157 difficiliorem
654 4092 796 4157 reddere.

231 4204 254 4279 ἦ.
270 4209 322 4263 94.
350 4197 400 4263 Εὸ
421 4200 525 4263 minus
547 4212 650 4262 autern
673 4199 765 4284 hujus
788 4212 942 4264 accuratae
963 4199 1154 4284 inquisitioni
1176 4199 1363 4274 insistemus,
1385 4187 1457 4282 quid

181 4306 322 4373 celeritas
348 4311 549 4397 progressiva
574 4311 702 4393 insuper
728 4333 747 4372 a
771 4308 983 4394 profunditate
1010 4308 1104 4371 maris
1130 4308 1273 4391 pendeat
1331 4303 1416 4383 Qudd
1432 4296 1465 4362 si

180 4413 263 4475 enim
279 4437 432 4498 ponamus
447 4440 479 4479 nr
494 4440 514 4479 ιι
527 4419 593 4502 jam
609 4439 676 4481 esse
690 4417 785 4480 maris
800 4416 942 4493 fundum,
959 4417 1001 4478 ita
1016 4429 1050 4478 ut
1065 4415 1262 4499 profunditas
1277 4415 1409 4479 marisia
1423 4397 1473 4474 Μ

180 4520 282 4603 major
303 4543 367 4584 non
389 4539 469 4586 esset
491 4523 585 4610 quim
609 4524 648 4588 M
663 4547 705 4600 ιιι,
729 4537 792 4587 tam
808 4524 859 4587 isti
875 4547 966 4610 aqum
981 4537 1086 4587 tantus
1100 4537 1203 4586 motus
1219 4525 1321 4587 inesse
1334 4523 1487 4586 deberet·

178 4654 243 4717 quo
258 4654 305 4709 ea,
322 4633 399 4695 dum
414 4634 518 4699 fluxus
533 4659 574 4699 ex
592 4639 621 4700 A
637 4637 670 4699 in
686 4660 705 4700 a
720 4637 840 4713 transit,
858 4658 897 4698 ex
914 4637 975 4698 situ
991 4658 1011 4697 n
1030 4636 1056 4698 F
1073 4635 1111 4698 M
1127 4657 1158 4696 m
1175 4636 1207 4697 in
1223 4636 1316 4697 situnr
1331 4630 1431 4697 mFN
1444 4632 1497 4687 Ω

180 4740 341 4806 transferri
363 4757 477 4824 posset
525 4746 591 4809 Hic
613 4762 717 4811 autem
740 4760 844 4810 motus
866 4748 1007 4829 quamvis
1023 4746 1063 4808 sit
1077 4745 1228 4809 difformis
1251 4761 1282 4809 et
1304 4769 1361 4830 per
1375 4739 1506 4808 totms‘

178 4869 312 4912 massam
335 4847 539 4931 inaequabilis,
563 4862 667 4915 tamen
689 4853 715 4914 si
741 4864 806 4914 tota
828 4849 990 4914 translatio
1012 4865 1177 4936 spectetur,
1202 4865 1285 4916 totus
1306 4866 1407 4918 motus
1423 4841 1506 4911 θ’
