3330 5692
54 562 157 627 Lmen
168 560 353 639 Tannus]
389 556 631 623 PRINCIPIA
655 556 1027 629 MATHEMATICA.
1288 558 1329 617 47

272 872 558 939 PROPOSITIO
581 871 675 937 XIV.
722 871 995 939 THEOREMA
1017 875 1114 941 XIV.

412 1046 536 1139 Orbium
550 1049 675 1130 capiclia
688 1056 719 1110 ct
732 1049 807 1112 nodi
819 1050 980 1132 quiescunt.

91 1232 230 1320 Aphelia
245 1232 417 1319 quiesctmt,
433 1255 492 1318 per
507 1233 604 1318 Prop.
622 1231 685 1296 XI.
702 1230 775 1296 Lib.
792 1232 818 1296 l.
835 1245 870 1295 ut
884 1246 915 1297 et
929 1233 1050 1297 orbium
1067 1233 1169 1317 plana,
1186 1258 1243 1320 per
1257 1238 1339 1322 ejus-

56 1344 120 1411 dem
135 1343 230 1410 Libri
253 1342 350 1428 Prop.
374 1342 401 1407 1.
423 1356 455 1407 et
476 1342 704 1429 quiescentibus
726 1342 827 1426 planis
849 1343 1013 1427 quiescunt
1026 1342 1111 1406 nodi.
1157 1345 1340 1409 Attamena

54 1451 248 1536 planetarum
261 1448 487 1513 revolventium
502 1447 541 1535 (¹³)
554 1462 586 1512 et
601 1461 791 1516 cometarum
806 1448 979 1513 actionibus
994 1450 1027 1512 in
1042 1472 1076 1513 se
1090 1450 1222 1514 invicem
1237 1453 1341 1516 orien-

57 1573 101 1625 tur
114 1555 344 1645 inaequalitates
358 1554 482 1644 aliquae,
498 1555 555 1619 sed
569 1574 641 1642 quae
656 1555 698 1619 ob
712 1555 896 1641 parvitatem
910 1554 963 1621 hic
977 1557 1134 1621 contemni
1148 1573 1289 1642 possunt.

96 1671 197 1755 Corol.
214 1675 244 1731 1.
269 1666 446 1744 Quiescunt
459 1665 554 1730 etiam
568 1664 666 1730 stellae
680 1665 764 1741 fixae,
780 1677 948 1750 propterea
962 1666 1047 1751 quod
1063 1666 1150 1730 datas
1165 1666 1205 1731 ad
1220 1667 1344 1753 aphelia

57 1779 227 1866 modosque
238 1777 411 1864 positiones
426 1788 562 1842 servant.
968 1854 975 1863 .

102 1891 205 1958 carol.
215 1898 246 1955 2.
261 1889 404 1977 Ideoque
419 1888 452 1975 (¹)
469 1886 541 1954 edm
555 1886 643 1952 nulla
657 1886 696 1951 sit
711 1907 818 1950 earum
832 1884 999 1970 parallaxis
1014 1886 1167 1951 sensibilis
1181 1910 1222 1951 ex
1232 1888 1345 1952 Terrae

58 2011 149 2064 motu
170 2020 272 2066 nuno
298 1997 443 2077 oriunda,
470 1998 552 2062 vires
575 2017 682 2061 earum
705 1996 746 2059 ob
767 1995 949 2059 immensam
975 2017 1143 2081 corporum
1167 1998 1345 2063 distantiam

88 2193 126 2258 (¹)
149 2197 164 2226 ⁶
185 2196 222 2245 m
246 2204 390 2246 mm
413 2197 546 2245 acstoattus.
592 2192 686 2242 Eodem
718 2192 772 2240 tica
786 2191 857 2253 plano
873 2192 903 2240 ad
918 2191 1051 2241 distantiam
1065 2194 1193 2257 quamlibet
1205 2195 1345 2254 constitum

58 2273 149 2320 porus
157 2258 231 2307 ωοὼ
239 2274 288 2323 quo
300 2260 401 2321 plausu
410 2260 436 2308 in
446 2276 471 2307 ae
481 2258 581 2306 invicem
596 2265 685 2321 agunt5
717 2256 748 2303 ait
764 2257 786 2303 A
801 2256 823 2303 B
836 2256 857 2304 C
870 2258 895 2305 D
912 2258 973 2305 orbis
984 2272 1084 2312 annuus.
1103 2269 1247 2322 ponaturque
1264 2260 1347 2307 Tellus

58 2333 117 2384 pates
134 2336 231 2386 thqua
248 2334 351 2372 comuaa
368 2325 394 2371 in
415 2324 474 2372 aliua
494 2323 598 2385 planetas
616 2335 686 2384 agere
718 2318 821 2382 primum
832 2321 856 2367 in
873 2320 925 2369 loco
938 2324 968 2377 A,
986 2321 1133 2384 deindepost
1143 2339 1182 2370 ses
1194 2339 1285 2370 menses
1295 2338 1347 2383 per-

59 2387 187 2450 simileque
202 2387 302 2435 efl‘cetua
317 2388 451 2450 producere,
463 2388 503 2436 sed
515 2385 571 2436 cum
580 2387 686 2433 obusta
718 2385 796 2431 veniat
810 2384 841 2432 ad
857 2385 935 2433 locum
954 2388 974 2434 C
992 2387 1016 2433 in
1031 2402 1078 2448 quo
1088 2386 1157 2434 distet
1167 2404 1182 2434 a
1197 2387 1249 2435 loco
1262 2390 1284 2434 A
1297 2385 1347 2434 toti

59 2452 129 2499 tiones
144 2450 309 2499 mmomioa
324 2452 448 2501 ostendant
458 2451 604 2513 apheliosum
614 2447 687 2496 nodo·
719 2448 832 2496 diameuo
851 2451 912 2497 orbis
930 2451 1018 2509 annui;
1043 2453 1087 2498 hoc
1106 2461 1146 2503 est.
1167 2457 1246 2500 20000
1268 2453 1348 2512 'l'crrra

61 2531 156 2578 tumque
165 2525 260 2563 motum
272 2531 322 2563 essa
332 2516 498 2574 tardissimum,
510 2517 541 2562 ob
552 2514 688 2575 parvitatem
719 2513 837 2560 diametra
853 2514 949 2568 circiter.
967 2515 999 2563 iti
1013 2524 1040 2561 ut
1050 2514 1131 2578 anguli
1149 2515 1169 2562 F
1182 2516 1198 2563 S
1212 2517 1243 2572 A,
1263 2516 1284 2564 F
1296 2516 1313 2562 S
1326 2516 1346 2563 C

63 2579 173 2628 mmai
190 2589 291 2640 potum
303 2581 470 2644 inequalitates
480 2594 533 2641 qua
544 2594 573 2626 ea
584 2577 689 2639 planeta·
720 2577 767 2624 sint
777 2578 840 2635 recti,
851 2578 917 2625 stella
931 2578 988 2626 Fer
1002 2580 1098 2627 Tellure
1108 2583 1131 2627 A
1143 2580 1191 2626 visa
1202 2579 1349 2641 respondebit

64 2658 109 2690 nrm
122 2653 148 2692 et
161 2654 311 2692 maurum
321 2644 450 2693 actionibus
460 2644 486 2690 in
496 2642 632 2691 seinvicem
642 2640 688 2687 ori-
720 2653 809 2702 puncto
821 2643 852 2697 E,
863 2642 927 2704 quod
938 2643 968 2691 ad
978 2644 1111 2691 distantiam
1123 2643 1237 2691 infinitam
1249 2661 1263 2692 a
1275 2640 1350 2692 Tarsi

66 2718 137 2755 antur.
720 2706 832 2753 removeri
849 2707 995 2767 supponitur.
1033 2707 1126 2755 Deinde
1142 2708 1224 2755 endem
1238 2708 1305 2755 stella
1318 2709 1349 2753 ob

96 2770 123 2834 (¹)
132 2776 146 2804 ⁸
159 2777 200 2820 72.
215 2772 277 2821 stim
287 2775 353 2822 nullo
362 2775 392 2822 sit
401 2790 483 2821 aarum
491 2770 622 2834 paratam.
658 2768 689 2815 In
721 2781 812 2816 motum
824 2770 903 2817 Terras
913 2774 943 2817 ab
953 2772 976 2818 A
986 2770 1064 2817 sersbs
1073 2771 1103 2827 B,
1115 2772 1223 2833 progredi
1234 2771 1350 2818 videbitur

70 2834 180 2895 hypothesi
200 2835 284 2884 ‘rm
301 2846 379 2894 mota,
401 2836 572 2900 quiesceuubua
595 2832 649 2881 Sole
667 2841 691 2878 et
721 2836 750 2879 ab
763 2833 786 2879 E
797 2832 876 2879 vereda
890 2835 921 2889 G,
933 2833 1007 2882 donec
1020 2835 1115 2882 Tellure
1126 2835 1274 2895 perveniente
1284 2833 1349 2882 adc

73 2899 141 2959 sellia
163 2899 250 2950 Tellus
266 2902 383 2967 integram
403 2901 573 2950 resolutionem
594 2895 692 2946 absolvit
722 2896 788 2944 stella
798 2896 903 2943 videatur
914 2898 938 2943 in
947 2899 982 2955 H,
989 2898 1077 2945 distans
1087 2898 1174 2945 scillcet
1184 2915 1197 2945 s
1208 2898 1259 2946 loco
1270 2899 1295 2946 in
1302 2913 1350 2960 quo

723 2970 778 3008 ante
788 2975 828 3006 sex
839 2976 930 3008 menses
941 2965 1080 3020 senabatur,
1097 2972 1146 3009 toto
1156 2978 1212 3010 arcu
1225 2963 1248 3010 E
1262 2964 1296 3021 H,
1308 2978 1352 3011 ett-

719 3025 760 3088 jus
778 3039 887 3071 mensura
905 3035 940 3072 eat
959 3026 1061 3087 angulus
1080 3027 1102 3074 Ε
1115 3027 1136 3074 F
1149 3026 1176 3073 H
1194 3027 1231 3074 rel
1250 3031 1272 3075 A
1286 3028 1307 3076 F
1319 3028 1347 3076 C.

725 3088 807 3151 Hujus
817 3088 898 3151 anguli
910 3091 1009 3137 semissis
1023 3091 1045 3137 A
1060 3090 1080 3137 F
1099 3092 1124 3146 S,
1136 3101 1171 3137 est
1181 3091 1304 3151 paralluis
1313 3107 1352 3139 or·

722 3153 760 3200 bis
768 3151 841 3200 annui
851 3168 880 3200 es
893 3154 971 3201 Terras
981 3164 1047 3202 motu
1059 3169 1138 3201 annuo
1148 3154 1254 3203 oriunda.
1285 3157 1351 3204 Dato

723 3226 802 3265 autem
818 3216 906 3279 angulo
924 3218 981 3266 AF
993 3219 1017 3275 8,
1034 3216 1102 3266 tacite
1117 3217 1234 3266 invenitur
1244 3220 1353 3268 dianam

724 3281 797 3328 stella
812 3279 865 3327 isse
875 3297 890 3328 a
900 3281 973 3329 Tarni
986 3284 1007 3329 A
1023 3282 1049 3337 F,
1061 3282 1140 3340 sitiat,
1157 3293 1185 3330 ut
1195 3282 1259 3331 sinus
1270 3283 1352 3347 anguli

726 3347 749 3394 A
764 3346 784 3392 F
796 3347 820 3402 S,
831 3344 861 3392 ad
872 3345 950 3392 sinum
961 3356 1044 3403 totum,
1059 3345 1093 3394 iul
1106 3348 1129 3394 A
1143 3347 1352 3395 Sami-diameter

724 3410 786 3458 orbis
800 3409 880 3466 annui,
896 3425 950 3472 quae
960 3421 995 3458 est
1008 3416 1086 3459 10000
1095 3411 1261 3459 diametrorum
1274 3412 1353 3459 Terras

725 3473 815 3521 circiter
831 3472 862 3521 ad
882 3474 946 3522 AF.
980 3474 1036 3524 Jam
1055 3473 1110 3524 verb
1126 3487 1190 3536 patet
1205 3490 1234 3524 ex
1251 3474 1355 3524 Telluris

725 3553 805 3585 annno
820 3547 886 3585 motu
902 3538 956 3585 oriri
973 3540 1056 3586 debere
1070 3539 1243 3587 translationem
1254 3539 1355 3586 lixarum

725 3602 788 3649 iuter
795 3617 819 3648 se
828 3601 938 3662 parallaxi
946 3602 1070 3663 duplicatae
1079 3604 1169 3651 circiter
1175 3603 1295 3666 aqualem.
1319 3603 1356 3651 At

727 3666 800 3712 stelloe
816 3666 914 3727 majores
924 3676 948 3713 et
958 3667 1191 3728 propioreasespectu
1198 3667 1355 3730 *remedorum

727 3729 963 3792 quatelescopiorum
971 3730 1135 3792 opeduntaaat
1141 3732 1242 3791 conspici
1250 3740 1354 3791 possum,

728 3793 815 3841 moseri
827 3808 874 3840 non
885 3796 1041 3842 observantur.
1078 3795 1153 3842 Nulla
1163 3805 1198 3842 est
1208 3795 1287 3857 itaque
1297 3793 1355 3842 fln-

728 3857 1357 3983 tltlffilttz‘tlliffslfflttlt

730 3986 844 4032 distantia.
893 3984 946 4033 Sive
966 3996 1046 4034 autem
1066 3988 1139 4035 Ten-a
1159 3997 1286 4041 moretm,
1309 3985 1359 4037 siri

731 4051 841 4112 quiescat,
852 4050 929 4097 stellm
939 4050 997 4097 fixas
1007 4051 1126 4098 immensis
1136 4050 1262 4098 intervallis
1271 4067 1287 4098 a
1298 4051 1358 4099 Ter-

732 4113 759 4161 rt
777 4113 862 4161 distare
878 4115 1032 4162 certissimum
1046 4124 1087 4169 ast,
1103 4114 1358 4174 uamparallaaiman·

733 4193 805 4225 nuam
822 4178 915 4226 minuto
930 4180 1007 4240 primo
1024 4180 1094 4242 longa
1112 4179 1227 4226 minorem
1239 4194 1290 4226 asae
1303 4193 1360 4226 ooa-

733 4243 837 4289 sentiunt
847 4256 928 4289 omnes
944 4244 1077 4290 astronomi.
1113 4241 1243 4306 Fingamus
1252 4240 1307 4291 serti
1318 4257 1361 4290 au·

734 4321 807 4353 nuam
824 4307 878 4353 lirae
891 4307 989 4370 aliquus
1003 4306 1148 4368 proximioris
1161 4306 1296 4368 parallaaim
1312 4321 1362 4355 essa

735 4369 806 4417 unius
816 4371 901 4418 minuti
912 4371 987 4431 primi,
1005 4386 1020 4416 a
1035 4370 1131 4418 Tellusa
1140 4370 1234 4419 distabit
1244 4370 1311 4419 stella
1320 4370 1363 4418 illa

737 4439 800 4483 8437
812 4434 999 4482 semi-diametris
1012 4434 1093 4483 orbitas
1102 4450 1174 4498 quam
1183 4435 1293 4482 describit
1304 4435 1364 4482 Tar-

737 4514 769 4555 ra,
782 4499 896 4561 siquidem
906 4498 972 4545 ainus
981 4499 1052 4546 unius
1060 4499 1144 4547 minuti
1151 4509 1186 4547 eat
1195 4498 1226 4547 ad
1236 4498 1327 4546 ηάἰιιω
1336 4507 1365 4547 ut

741 4569 750 4609 1
764 4562 795 4611 ad
805 4568 876 4618 34³7.
894 4572 918 4609 et
936 4561 1144 4611 cisami-diameter
1153 4563 1234 4611 orbita
1244 4564 1274 4609 sit
1285 4566 1366 4610 aoooo

96 4630 154 4688 quio
169 4638 208 4681 23,
218 4633 272 4679 hus.
286 4624 332 4675 5⁶⁸.
345 4621 380 4673 4⁹.
394 4623 491 4684 circiter,
510 4637 534 4676 et
551 4630 612 4677 circa
628 4629 706 4677 Solem
738 4627 1231 4682 semi-diametrorumTerrmdminimum
1238 4631 1367 4675 68740οω

97 4695 202 4744 sauram
219 4692 294 4743 unius
312 4689 368 4738 anni
387 4689 524 4748 intervallo;
547 4694 706 4756 circulumque
741 4691 821 4738 Terras
833 4690 907 4751 ipsius
921 4691 1109 4740 sami-dimetria
1122 4689 1366 4740 (1110111111..Τὸ-

98 4753 187 4808 hams
235 4760 241 4770 “
260 4749 367 4817 ec'lipstca
377 4754 414 4801 rel
429 4755 491 4803 orbis
501 4772 595 4805 annuus
605 4758 706 4819 appella·
740 4755 799 4801 lure.
1026 4766 1030 4771 ·

99 4827 128 4867 tu
271 4819 387 4878 ssotem,
398 4818 710 4882 siertellaisainectip.
762 4817 1365 4886 racnmuanusnugenimtacmouartatn.

705 4904 752 4952 Fa
