3330 5692
182 569 212 630 vi
344 562 681 629 INTRODUCTIO
703 562 769 628 AD
793 561 938 629 LUNAE
959 561 991 627 T
994 562 1232 642 HEORIAM,
1254 566 1314 632 &a

224 735 346 800 Eidem
367 736 497 813 ratione,
519 734 705 799 variationes
725 746 831 798 motus
851 733 975 820 apogoei
995 746 1027 797 et
1046 748 1152 797 motus
1174 732 1336 797 nodorum
1358 753 1401 796 ex
1420 731 1478 799 situ

180 845 305 910 diverso
317 846 427 909 Terrae
443 844 483 908 ad
498 844 658 929 aphelium
672 855 728 907 aut
736 842 924 928 perihelium
934 864 1027 906 suum
1042 864 1084 906 ex
1098 841 1261 926 utriusque
1273 855 1365 904 motu
1376 840 1478 906 medin

180 953 255 1017 dato
269 955 303 1017 in
317 951 455 1017 secundo
468 952 670 1038 paragrapho
686 950 827 1015 derivare
841 951 982 1014 docetur.

224 1061 288 1126 His
311 1082 352 1125 ex
372 1059 607 1125 excentricitate
620 1059 732 1124 orbitae
747 1058 884 1123 Telluris
898 1057 1041 1123 deductis
1064 1057 1253 1146 adjungatur
1268 1057 1476 1121 consideratio

181 1171 422 1236 excentricitatis
444 1170 557 1235 orbitae
578 1170 707 1250 lunaris,
730 1183 785 1235 aut
806 1171 873 1255 ejus
894 1170 1104 1237 inclinationis
1125 1170 1167 1235 ad
1187 1169 1386 1255 eclipticam:
1407 1169 1474 1235 inde

179 1305 270 1346 novae
284 1283 529 1370 irregularitates
542 1282 702 1368 prioribus
717 1281 940 1349 adnascuntur.

225 1390 344 1469 Primd,
356 1391 473 1455 mensis
484 1390 662 1475 periodicns
671 1390 768 1476 paulo
781 1392 883 1475 major
897 1390 935 1455 fit
949 1389 1022 1456 crim
1036 1389 1120 1457 linea
1136 1390 1284 1477 apsidum
1298 1413 1360 1476 per
1376 1392 1476 1459 &lem

180 1499 294 1561 transit
306 1495 402 1583 quam
423 1495 497 1561 crim
510 1498 571 1584 ipsi
586 1512 633 1563 est
646 1500 925 1588 perpendicularis,
947 1501 1022 1566 hinc
1044 1501 1197 1566 correctio
1212 1522 1297 1565 nova
1311 1503 1476 1587 aequationi

179 1617 284 1668 motus
304 1604 409 1681 medii,
436 1626 507 1691 quae
530 1605 564 1667 in
587 1606 690 1689 primo
712 1607 830 1671 Scholii
851 1607 1051 1695 paragrapho
1071 1609 1249 1694 exponitur,
1266 1622 1316 1673 est
1328 1607 1474 1686 facimda,

178 1717 262 1783 hanc
275 1740 390 1782 novam
404 1718 613 1804 aequationem
635 1720 679 1784 ill.
697 1720 847 1785 Cassinus
862 1721 990 1786 exhibet
1011 1722 1045 1785 in
1068 1722 1180 1787 tabella
1196 1722 1289 1805 cujus
1303 1720 1415 1786 titulus
1434 1732 1475 1784 est

179 1831 317 1894 Semndo
332 1829 486 1913 Quarto
501 1829 618 1893 Solaria
632 1840 663 1893 et
677 1831 769 1894 tertio
783 1831 983 1917 paragrapho
999 1832 1117 1897 Scholii
1131 1831 1277 1897 traditur.

224 1934 340 2001 Itidem
354 1936 380 1999 si
394 1935 478 2000 linea
487 1935 645 2001 nodorum
654 1959 712 2021 per
724 1937 830 2003 Solem
839 1950 986 2016 transeat,
996 1939 1093 2025 paulo
1101 1941 1201 2024 major
1214 1938 1277 2003 erit
1290 1938 1377 2004 sotis
1391 1936 1473 2012 actia

180 2056 212 2110 et
233 2044 387 2108 correctio
401 2066 486 2108 nora
500 2044 614 2108 exinde
628 2056 774 2109 nascetur
793 2044 896 2110 eidem
910 2046 1010 2111 motui
1023 2046 1139 2124 medio,
1164 2046 1246 2110 hanc
1261 2058 1379 2132 quarto
1392 2065 1475 2130 pan·

179 2155 304 2245 grapho
320 2154 440 2219 Scholii
454 2153 573 2218 indicat
587 2153 769 2219 Newtonus.

225 2265 384 2330 Praeterea
413 2263 631 2328 excannicitas
659 2264 730 2349 ipsa
758 2263 870 2328 orbitae
899 2263 1018 2328 lunaris
1047 2284 1088 2327 ex
1117 2261 1243 2326 diverso
1268 2260 1334 2327 situ
1361 2256 1473 2346 apog&

181 2386 325 2459 respectu
341 2372 424 2438 Solis
437 2383 587 2448 mutatur,
610 2394 696 2436 nunc
710 2373 811 2458 major
824 2394 909 2435 nunc
924 2372 1028 2435 minor
1042 2368 1157 2447 eradit,
1178 2367 1277 2454 idque
1292 2367 1391 2434 etiam
1409 2367 1475 2432 ire·

180 2482 316 2571 qualiter
330 2504 390 2567 pro
405 2481 553 2546 distantia
569 2481 709 2546 Telluris
724 2505 745 2545 a
760 2481 843 2548 Sole.

225 2591 348 2655 Rursus
370 2591 439 2675 ipse
460 2603 564 2656 motus
586 2592 711 2678 apogaei
724 2603 821 2675 prout
835 2611 1001 2677 apogaeum
1016 2586 1225 2654 diversimode
1245 2589 1347 2653 sitnm
1368 2600 1416 2653 est
1432 2605 1473 2650 re·

181 2711 289 2784 spectu
306 2697 388 2763 Solis
403 2710 553 2776 mutatur,
575 2697 651 2762 hinc
664 2698 800 2784 oequatio
813 2697 939 2784 apogaei
952 2696 1091 2761 nascitur
1112 2717 1212 2782 eaque
1225 2694 1361 2781 duplex,
1383 2713 1474 2781 prm

181 2803 391 2891 supponendo
406 2804 546 2868 Telluris
561 2828 581 2868 a
597 2805 671 2870 Sole
686 2803 866 2869 distantiam
882 2815 1087 2882 constantem,
1106 2803 1204 2868 altera
1217 2801 1296 2868 rard
1311 2802 1431 2888 pendat
1440 2818 1472 2866 α

181 2912 353 2976 mutatione
368 2911 546 2975 distationoe
562 2909 700 2976 Telluris
715 2934 734 2974 a
750 2910 832 2977 Sole

226 3020 315 3083 Hinc
330 3017 546 3084 tandem·crim
568 3020 680 3084 orbitoe
698 3020 817 3085 lunaris
829 3019 941 3099 forma,
957 3020 1174 3087 excentricitas
1188 3030 1221 3082 et
1232 3019 1362 3106 apogaei
1372 3014 1472 3105 parido

182 3141 331 3206 mutetur,
355 3127 486 3191 omnind
501 3140 663 3192 mutantur
677 3130 889 3194 correctiones
902 3129 966 3194 illae
980 3152 1051 3217 qua
1072 3128 1312 3193 deducebantur
1326 3150 1369 3192 ex
1383 3127 1469 3192 Luna

182 3239 416 3303 excentricitate
431 3238 592 3315 mediocri,
616 3262 688 3325 qnae
710 3242 921 3326 aequationem
944 3241 1078 3306 solutam
1100 3240 1336 3305 constituebant
1342 3264 1353 3317 3
1375 3239 1470 3304 ultimo

182 3361 287 3410 autem
305 3347 423 3410 Scholii
437 3346 637 3434 paragrapho
655 3348 827 3414 Newtonus
849 3350 943 3414 docet
957 3349 1017 3436 qud
1033 3350 1153 3414 ratione
1174 3370 1267 3412 novae
1283 3348 1347 3413 illae
1363 3366 1467 3412 ωηα-

182 3456 282 3519 tiones
305 3455 368 3520 sint
390 3456 607 3519 instituendae:
631 3459 738 3522 omnia
752 3458 828 3523 verd
851 3460 883 3523 in
904 3459 967 3524 hoc
984 3460 1111 3525 Scholio
1133 3460 1200 3522 sine
1215 3456 1462 3523 demonstrarime

183 3564 289 3641 tradit,
305 3587 363 3628 nec
378 3564 517 3628 indicato
530 3587 660 3630 suorum
675 3567 867 3631 calculorum
882 3568 1025 3645 artificio,
1042 3567 1175 3653 ideoque
1189 3567 1293 3631 nostri
1308 3564 1459 3650 putarimus

183 3671 287 3748 officii,
306 3694 377 3735 eam
387 3671 538 3759 indagare
547 3673 630 3737 viam
645 3675 696 3736 cui
713 3674 884 3739 Newtonus
900 3676 933 3738 in
948 3675 986 3738 iis
999 3673 1191 3759 reperiendis
1203 3674 1349 3739 insistere
1360 3665 1457 3742 dfflh

184 3778 290 3841 labore
305 3778 433 3864 quidem
454 3800 521 3843 non
542 3802 649 3864 parvo,
674 3804 818 3846 successu
833 3781 1060 3869 qualicumque,
1084 3783 1202 3847 utinam
1226 3782 1392 3849 lectoribus
1409 3793 1457 3842 Μ

185 3899 316 3972 ingrato.
