3330 5692
341 594 533 663 FLUXUS
554 597 616 662 Ac
640 595 895 663 REFLUXUS
917 594 1077 664 MARIS.
1292 605 1354 663 sle

31 837 35 846 ,
107 771 132 848 §.
156 773 207 831 92.
238 764 315 841 Quo
336 777 440 830 eutem
461 778 527 831 tam
548 765 589 830 de
610 765 660 830 his
681 765 898 850 phaenomenis
921 762 1016 851 quim
1038 764 1165 852 reliquis
1186 765 1301 830 certius
1323 777 1356 831 et

62 869 194 936 solidids
208 871 353 956 judicare
375 893 534 958 queamus,
558 874 661 958 ipsum
683 886 804 938 motum
825 872 1070 960 progressivurn,
1097 894 1191 958 quem
1212 896 1293 959 aqua
1314 875 1354 940 ela

62 989 143 1043 aestu
156 978 277 1063 recipit,
292 979 556 1065 invesu‘gnbimus.
603 977 686 1045 Cum
700 981 784 1044 enim
798 1002 880 1067 aqua
895 979 1006 1044 eodem
1020 980 1091 1044 loco
1106 1001 1190 1044 nunc
1205 981 1352 1060 elevetur,

61 1110 147 1152 nunc
168 1088 319 1165 subsidat,
342 1110 469 1153 necesse
484 1101 581 1153 estut
602 1090 701 1174 priori
723 1112 796 1154 casu
811 1111 893 1175 aqua
907 1088 1035 1153 aliunde
1050 1087 1165 1168 affluat,
1187 1092 1354 1174 posteriori

60 1194 137 1263 vero
166 1197 207 1261 ab
237 1198 349 1262 eodem
379 1197 449 1261 loco
477 1197 603 1276 defluat,
636 1197 720 1262 unde
748 1197 876 1262 nomina
898 1195 1002 1261 fluxus
1025 1219 1062 1260 ec
1090 1197 1229 1262 refluxlrs
1258 1199 1353 1286 origi-

60 1329 134 1372 nem
149 1319 324 1373 traxerunt
353 1306 640 1394 Reproesentetigi-

60 1429 113 1480 tur
148 1428 289 1500 tempore
317 1437 504 1502 quocunque
536 1414 639 1503 figura

61 1521 254 1587 ADBE
285 1533 400 1587 statum
423 1544 513 1609 equoe
540 1535 638 1587 totam

61 1625 197 1691 Terram
212 1626 386 1705 ambientis,
402 1627 445 1691 ita
459 1640 495 1690 ut
512 1627 546 1690 in
560 1626 636 1690 locis

60 1733 93 1797 A
114 1744 146 1796 et
164 1731 193 1797 B
208 1755 289 1819 aqua
303 1732 438 1797 maxime
453 1734 493 1798 sit
506 1733 634 1810 elevata,

57 1844 93 1909 in
112 1841 191 1908 locis
212 1840 288 1907 verb
308 1842 418 1908 mediis
440 1842 480 1906 eb
505 1845 584 1906 Aet
607 1842 637 1905 B

59 1951 340 2038 mquidistantibus,
356 1951 492 2015 maxime
507 1950 635 2035 depres-

60 2081 106 2122 sa.
154 2058 230 2122 Post
243 2057 370 2144 aliquod
389 2071 512 2142 tempus
534 2070 634 2121 traus-

57 2164 176 2231 feratur
190 2177 284 2230 metus
300 2188 439 2230 summus
453 2188 494 2229 ex
517 2167 548 2230 A
559 2165 634 2230 etB

58 2274 93 2337 in
108 2297 128 2338 a
141 2285 175 2339 et
192 2275 223 2352 b,
247 2275 381 2360 sitquee
403 2274 437 2339 D
452 2273 473 2337 b
489 2273 518 2338 Ε
533 2273 634 2361 figura

58 2406 151 2471 aquae
167 2385 301 2449 Terram
314 2385 550 2450 circumdantis:
573 2384 634 2448 hoc

57 2496 155 2584 igitur
174 2508 315 2582 tempore
335 2518 461 2560 necesse
483 2508 538 2573 est,
562 2507 637 2559 uta

55 2613 148 2686 parte
162 2603 272 2666 oceani
286 2601 320 2666 D
331 2601 359 2666 F
370 2601 536 2666 defluxerit
545 2622 636 2688 equae
673 2580 707 2643 θ’

57 2711 151 2796 copis
173 2710 436 2788 FAMDmt
458 2713 492 2774 in
513 2724 635 2796 partem

55 2815 134 2881 vero
159 2817 187 2882 F
210 2817 240 2881 E
264 2817 449 2882 tantundem
474 2839 565 2903 aquoe
589 2815 634 2881 af·

55 2925 193 3004 fluxerit,
206 2927 310 3011 portio
321 2927 438 2991 scilicet
450 2925 633 2991 FaNEne:

55 3033 151 3098 simili
165 3033 263 3098 modo
282 3035 387 3119 portio
406 3033 435 3098 E
451 3034 485 3099 G
499 3033 636 3098 decrevit

55 3142 148 3228 copie
161 3163 253 3228 aquoe
269 3141 492 3230 EPBGgp,
507 3142 676 3229 portioque
691 3142 1113 3230 GDaugmentnmaccepit
1128 3142 1349 3229 GbQqu.

57 3253 93 3319 si
113 3273 202 3317 nnnc
222 3274 376 3337 ponamus
397 3253 577 3337 portionem
598 3252 626 3317 F
642 3251 682 3318 M
695 3274 728 3315 m
745 3252 878 3317 transire
895 3251 928 3314 in
945 3251 1050 3317 locum
1074 3253 1149 3318 FN
1163 3276 1195 3332 n,
1219 3275 1256 3317 ec
1275 3275 1349 3336 por·

54 3361 176 3426 tionem
198 3359 228 3425 E
243 3358 307 3446 Pp
328 3361 362 3424 in
384 3360 463 3425 EN
476 3383 499 3423 n
521 3359 645 3437 deferri,
670 3361 744 3424 setis
765 3356 848 3423 clare
870 3371 991 3423 motum
1006 3381 1096 3447 uquae
1117 3360 1349 3448 progressivum

55 3467 232 3556 intelligere
252 3466 367 3532 licebit.
414 3464 497 3531 cum
512 3467 596 3531 enim
612 3478 717 3531 motus
733 3488 823 3552 aquae
838 3487 969 3529 summae
984 3467 1016 3530 A
1031 3466 1088 3530 fiat
1101 3467 1141 3530 ab
1157 3479 1229 3530 ortu
1248 3464 1281 3528 in
1295 3486 1349 3528 oo·

55 3597 174 3654 casum,
197 3597 279 3662 aqua
300 3597 372 3662 quae
393 3575 477 3639 circa
492 3576 523 3639 A
537 3572 647 3640 vereris
663 3576 816 3639 orientem
830 3575 948 3640 scilicet
966 3574 1008 3639 ab
1030 3576 1070 3641 M
1085 3576 1127 3641 ed
1142 3576 1174 3641 N
1189 3597 1288 3660 usque
1301 3585 1350 3638 est

56 3682 123 3760 sita,
145 3683 180 3746 in
196 3703 343 3747 occasum
363 3682 561 3765 movebiturt
586 3682 789 3768 similiterque
803 3704 841 3746 ea
855 3704 927 3767 quae
941 3681 1016 3746 huic
1030 3704 1048 3746 e
1063 3682 1216 3746 diametro
1230 3694 1278 3745 est
1291 3703 1348 3766 op-

55 3794 157 3877 posite
170 3805 204 3858 et
218 3794 353 3879 spatium
369 3793 441 3870 PQ
456 3808 596 3879 occupat
635 3794 755 3859 Contrd
766 3791 840 3859 verb
855 3795 975 3881 relique
989 3818 1071 3882 aqua
1083 3795 1118 3858 in
1133 3795 1173 3860 M
1184 3794 1217 3870 Q
1230 3806 1264 3858 et
1277 3794 1346 3859 NP

56 3915 204 3969 contenta
233 3905 267 3969 in
297 3917 402 3970 ortum
429 3906 676 3992 promovebitur.
735 3905 856 3971 Verum
884 3908 1024 3973 celeritas
1053 3907 1171 3995 ubique
1194 3929 1259 3972 non
1288 3908 1346 3974 erit

56 4012 184 4091 eadem3
207 4014 241 4078 in
254 4015 379 4099 punctis
395 4015 479 4079 enim
498 4016 547 4094 M,
565 4015 607 4094 N,
626 4017 700 4081 Pet
715 4016 748 4093 Q
763 4018 879 4104 quippe
893 4018 1044 4084 limitibus
1065 4021 1146 4083 inter
1159 4031 1264 4085 motus
1277 4038 1346 4084 ver·

59 4120 110 4185 sila
126 4133 232 4186 ortum
254 4133 285 4186 et
307 4122 439 4200 obitum,
455 4123 596 4187 celeritas
608 4123 668 4188 erit
677 4124 773 4202 nulla,
786 4125 900 4190 deinde
915 4126 955 4191 sb
967 4125 1008 4191 M
1022 4149 1120 4214 usque
1135 4127 1176 4191 ad
1192 4127 1346 4192 Fcresoet

54 4230 172 4317 ubique
185 4231 229 4296 ita
243 4245 280 4297 ut
293 4233 486 4297 incrementa
500 4233 666 4298 celeritatis
681 4235 714 4297 in
728 4237 853 4319 punctis
868 4236 978 4301 mediis
993 4249 1029 4302 ut
1043 4238 1076 4301 A
1087 4237 1150 4301 sint
1163 4235 1346 4302 differentiis

57 4339 85 4403 A
100 4338 120 4402 f
126 4341 395 4426 proportionalia:
419 4342 459 4407 ab
483 4342 511 4407 F
530 4342 607 4407 verd
621 4365 720 4429 usque
734 4344 776 4409 ed
790 4345 823 4408 N
838 4345 979 4410 celeritas
994 4345 1174 4411 decrescere
1189 4344 1292 4424 debet,
1315 4358 1347 4411 et

55 4447 288 4517 decrementum
309 4454 474 4519 celeritatis
489 4456 522 4518 in
537 4478 555 4518 e
570 4455 630 4519 erit
644 4467 679 4519 ut
693 4478 713 4519 s
728 4478 763 4532 ες
786 4457 942 4543 similique
962 4456 1060 4521 modo
1073 4468 1272 4542 comparatus
1287 4457 1347 4520 erit

56 4573 159 4625 motus
173 4561 207 4625 in
221 4564 348 4649 reliquis
363 4564 558 4649 portionibus
573 4563 685 4651 figurae
698 4567 878 4650 propositte.
1374 4548 1376 4553 ,

96 4672 119 4749 l.
136 4677 191 4733 98.
217 4669 251 4734 si
265 4670 335 4733 haec
348 4668 528 4759 diligentius
542 4692 769 4757 prosequamur
782 4695 819 4735 ac
833 4683 984 4757 punctum
1004 4695 1024 4736 a
1043 4673 1104 4758 ipsi
1119 4675 1149 4739 A
1164 4675 1345 4760 proximum

54 4794 220 4860 ponemus,
243 4780 434 4863 reperiemus
456 4780 490 4844 in
513 4780 586 4844 loco
601 4803 789 4868 quocunque
806 4782 846 4847 M
860 4781 927 4846 fore
949 4784 1146 4849 intervallum
1162 4784 1203 4849 M
1217 4807 1249 4849 m
1264 4783 1345 4847 sinui

55 4883 143 4970 dupli
158 4887 267 4975 anguli
283 4887 324 4953 M
337 4888 408 4955 CA
422 4891 668 4976 proportionale.
696 4933 697 4938 κ
712 4891 821 4968 Quare
835 4892 861 4958 si
877 4893 984 4982 angrrli
999 4895 1030 4962 A
1047 4894 1075 4961 G
1091 4895 1131 4961 M
1146 4895 1232 4960 sinus
1245 4915 1346 4980 pona·
