3330 5692
385 613 451 678 AD
475 612 619 679 LUNAE
643 614 903 682 THEORIAM
926 615 1307 687 NEWTONIANAM.
1472 647 1492 687 v

193 781 316 874 legibus
338 786 512 850 secundum
537 789 621 873 ipsos
645 789 860 853 observatores
885 791 947 855 sint
971 791 1137 868 adstricta,
1163 815 1240 856 mox
1264 796 1359 859 tradit
1385 798 1492 884 quales

192 893 386 980 sequationes
401 916 441 957 ex
456 895 520 958 suis
535 895 661 958 calculis
677 909 839 984 emergant
853 910 885 960 et
900 920 1045 983 quoenam
1061 899 1123 962 sint
1138 922 1246 963 earum
1260 901 1354 988 leges.

238 1000 348 1085 Ipsum
362 1013 425 1065 tam
441 1001 709 1066 observationibus
722 1018 795 1067 ante
810 1004 914 1088 ipsum
928 1005 1086 1083 institutis,
1111 1029 1205 1092 quarn
1219 1008 1489 1076 observationibus

195 1113 435 1177 Flamstedianis
461 1135 554 1176 usum
575 1136 642 1177 esse
663 1127 795 1192 constat,
818 1115 882 1178 imo
904 1128 936 1178 et
957 1117 1060 1200 ipsum
1082 1117 1197 1180 exinde
1219 1119 1339 1182 tabulas
1366 1120 1489 1187 lunares

191 1220 252 1283 sibi
267 1220 477 1283 construxisse
491 1219 597 1305 liquot,
621 1243 662 1284 ex
682 1222 795 1308 quibus
810 1223 910 1286 multa
922 1223 1043 1308 profert
1058 1247 1191 1309 quarum
1204 1226 1355 1313 pleraque
1371 1230 1403 1291 in
1421 1231 1489 1294 Ru·

190 1331 362 1417 delphinis,
390 1332 498 1396 autin
521 1331 708 1396 Ludoviceis
731 1333 844 1400 tabulis
868 1333 957 1397 facile
978 1357 1043 1398 non
1065 1322 1309 1420 comperiuntur,
1338 1340 1393 1402 sed
1417 1364 1489 1427 qnae

190 1440 329 1505 maxime
354 1442 554 1506 consentiunt
575 1464 648 1505 curn
669 1444 758 1506 novis
775 1443 818 1506 ill.
837 1444 959 1508 Cassini
975 1444 1099 1521 tabulis,
1123 1445 1166 1507 ita
1188 1458 1223 1507 ut
1244 1469 1306 1532 quo
1321 1449 1487 1531 perfectiiis

190 1549 264 1613 coeli
288 1562 393 1613 motus
417 1549 607 1636 dignoscunt
630 1550 809 1628 astronomi,
835 1572 873 1613 eo
895 1548 1026 1634 prophis
1050 1550 1091 1614 ad
1114 1551 1335 1617 Newtonianas
1351 1554 1487 1621 theorias

189 1655 340 1720 accedere
354 1655 639 1740 deprehendantur.

236 1765 284 1831 Ut
308 1767 412 1852 itaque
438 1766 520 1832 Solis
544 1767 673 1830 actionis
696 1767 731 1829 in
755 1766 881 1831 Lunam
905 1781 937 1831 et
961 1769 1026 1853 ejus
1052 1767 1186 1831 orbitarn
1211 1768 1363 1834 habeatur
1389 1774 1485 1849 ratio;

187 1877 328 1961 primum
350 1876 407 1941 fiat
428 1877 595 1941 abstractio
618 1878 859 1942 excentricitatis
881 1879 992 1942 orbitae
1013 1891 1078 1942 tam
1101 1879 1239 1943 Telluris
1262 1881 1355 1967 quim
1372 1884 1484 1961 Lunae,

188 1984 436 2069 deprehenditur
461 1986 546 2071 quod
573 2008 615 2049 ex
642 1986 724 2050 Solis
748 1987 871 2049 actione
896 1986 1010 2048 mensis
1034 1987 1211 2070 periodicus
1236 1987 1338 2052 Lunae
1362 1990 1487 2077 longior

187 2095 302 2159 evadat
314 2109 348 2160 et
362 2097 428 2182 ejus
444 2097 546 2160 orbita
562 2119 602 2159 ex
618 2096 762 2159 circulari
777 2096 809 2158 in
825 2096 958 2180 ellipsim
969 2107 1116 2174 mutetur,
1134 2098 1221 2183 cujus
1233 2120 1307 2161 axes
1317 2121 1376 2183 per
1390 2100 1485 2186 Prop.

189 2201 361 2267 XXVIII.
377 2216 450 2267 sunt
465 2203 673 2267 determinati.

232 2306 390 2385 Secundb,
407 2321 471 2371 tam
486 2331 526 2372 ex
541 2308 578 2372 eri
594 2308 695 2397 ligurii
711 2330 806 2393 quarn
816 2309 917 2372 orbita
929 2307 1030 2371 Lunae
1043 2309 1153 2387 induit,
1171 2334 1265 2396 quam
1280 2335 1320 2375 ex
1334 2316 1494 2388 accelera,

187 2417 273 2481 tione
304 2415 406 2479 Lunae
429 2438 488 2501 per
510 2429 725 2501 campartem
749 2415 879 2478 actionis
907 2414 988 2479 Solis
1012 2437 1084 2499 quae
1110 2417 1281 2481 secundum
1306 2432 1485 2505 tangentem

185 2524 300 2588 orbitae
320 2522 438 2586 lunaris
454 2523 608 2610 dirigitur,
624 2524 762 2587 nascitur
777 2523 907 2586 variatio
923 2545 1017 2607 quarn
1030 2523 1143 2608 Tycho
1155 2526 1275 2608 primus
1299 2526 1482 2605 observavit,

186 2646 219 2697 et
240 2631 411 2694 maximam
426 2631 459 2693 in
473 2631 650 2694 octantibus
673 2631 754 2709 lol'.
771 2630 886 2706 statuit,
910 2629 996 2692 illam
1019 2629 1063 2692 ill.
1082 2630 1230 2694 Cassinus
1244 2631 1317 2695 facit
1333 2637 1394 2697 33‘.
1411 2638 1484 2701 40‘'.

186 2738 219 2803 in
237 2739 410 2803 Elementis
426 2738 648 2814 Astronomiae,
672 2760 741 2801 eam
763 2736 838 2800 verd
854 2738 921 2821 ipse
936 2736 1114 2800 Newtonus
1131 2739 1164 2800 in
1187 2739 1351 2824 hypothesi
1367 2743 1484 2809 orbitas

187 2849 327 2914 Telluris
342 2862 373 2912 et
388 2849 491 2913 Lunae
506 2871 572 2912 esse
587 2848 752 2911 circulares
770 2849 830 2912 35'.
849 2849 917 2911 10⁰.
933 2846 1096 2910 calculavit
1111 2847 1206 2931 Prop.
1225 2849 1361 2912 XXIX.

231 2958 354 3035 Termi,
371 2981 412 3021 ex
423 2958 460 3021 eb
476 2957 558 3022 Solis
569 2958 691 3020 actione
702 2957 840 3020 nascitur
850 2969 952 3020 motus
968 2958 1089 3044 apogaei
1111 2958 1228 3020 lunaris
1244 2959 1276 3020 in
1292 2982 1485 3046 consequen-

185 3070 240 3148 tia,
259 3070 348 3154 cujus
363 3083 467 3133 motus
483 3068 720 3132 fundamentum
734 3067 852 3130 indicat
868 3067 1039 3131 Newtonus
1056 3068 1151 3152 Prop.
1169 3068 1276 3131 XLV.
1293 3070 1365 3133 Lib.
1383 3071 1409 3134 l.

231 3179 367 3258 Quartd,
390 3181 464 3244 inde
485 3179 650 3243 deducitur
664 3191 767 3243 motus
782 3179 904 3242 medius
919 3179 1076 3240 nodorum
1093 3179 1188 3261 Prop.
1206 3178 1361 3243 XXXII.
1374 3181 1482 3244 obser-

184 3292 362 3356 vationibus
376 3292 520 3377 proxime
535 3313 709 3378 congruus3
736 3289 845 3376 quinti>
860 3290 1004 3374 denique,
1022 3288 1229 3352 inclinationis
1244 3289 1355 3352 orbitae
1365 3291 1484 3356 lunaris

184 3402 319 3465 mutatio
334 3403 510 3486 explicatur
527 3402 623 3485 Prop.
643 3400 811 3464 XXXIV.
828 3412 859 3463 et
874 3399 1024 3463 XXXV.

230 3509 326 3574 Nunc
348 3511 423 3574 verd
446 3511 633 3597 adjungatur
651 3510 861 3574 consideratio
884 3510 1127 3573 excentricitatis
1150 3511 1260 3573 orbitae
1275 3511 1421 3588 Telluris,
1445 3511 1482 3576 eti

184 3622 222 3686 fit
236 3633 273 3687 ut
286 3623 368 3687 aetio
381 3622 461 3687 Solis
473 3624 573 3707 major
588 3623 628 3685 sit
643 3619 716 3685 etim
727 3621 828 3685 Terra
840 3634 886 3683 est
901 3621 934 3682 in
949 3619 1101 3704 perihelio
1113 3643 1170 3684 suo
1183 3619 1276 3707 quim
1293 3622 1324 3683 In
1340 3621 1482 3706 apheli03

184 3727 261 3792 inde
274 3729 417 3793 orientur
428 3729 634 3792 correctiones
646 3729 739 3791 variae
751 3728 800 3790 his
812 3725 957 3791 omnibus
970 3727 1072 3790 Lunae
1084 3727 1242 3791 erroribus
1255 3727 1464 3814 adjungendae
1471 3751 1482 3803 ;

182 3835 325 3927 primiim
339 3840 411 3903 clun
433 3840 547 3903 mensis
562 3840 739 3923 periodicus
756 3839 858 3903 Lunae
872 3860 929 3923 per
944 3839 1098 3901 actionem
1114 3839 1196 3902 Solis
1212 3839 1336 3926 longior
1358 3838 1480 3915 evadat,

183 3963 216 4015 et
239 3963 344 4013 motus
372 3952 437 4034 ejus
461 3950 583 4013 medius
606 3963 768 4037 augeatur,
794 3948 827 4012 id
851 3949 1078 4011 incrementum
1102 3947 1228 4033 quando
1253 3947 1355 4012 Terra
1378 3948 1482 4010 estin

182 4056 338 4142 perihelio
354 4059 453 4142 majus
471 4070 518 4121 est
533 4055 626 4142 quim
643 4054 715 4119 crim
731 4070 778 4120 est
792 4058 823 4118 in
840 4055 974 4140 aphelio,
998 4055 1072 4118 hinc
1087 4079 1124 4119 ea
1138 4056 1272 4119 tardatio
1286 4057 1482 4142 inaequaliter

182 4167 216 4229 in
239 4180 363 4231 motum
379 4167 480 4231 Lunae
496 4167 671 4243 distributa,
695 4166 789 4229 efficit
804 4180 839 4229 ut
852 4165 913 4229 hoc
928 4166 1055 4229 nomine
1071 4165 1157 4228 locus
1180 4166 1245 4250 ejus
1263 4187 1321 4250 per
1342 4164 1482 4228 medium

182 4291 306 4342 motum
320 4279 465 4343 inventus
488 4279 527 4342 ab
550 4281 615 4364 ejus
631 4302 705 4342 vero
720 4279 790 4342 loco
805 4278 976 4355 dissentiat,
996 4277 1071 4342 hine
1085 4279 1190 4364 itaque
1205 4279 1287 4341 notis
1302 4280 1417 4342 nostris
1441 4280 1481 4343 ad

183 4387 309 4453 initium
326 4389 443 4454 Scholii
466 4390 506 4454 ad
528 4390 646 4453 calcem
662 4389 758 4474 Prop.
777 4389 926 4452 XXXV.
950 4389 1071 4474 adjecti,
1095 4388 1179 4473 quod
1202 4388 1242 4451 ad
1265 4400 1362 4452 totam
1379 4389 1481 4453 Lunae
1578 4420 1583 4425 ³

184 4496 340 4562 theoriam
361 4500 507 4584 pertinet,
532 4500 759 4563 incrementum
782 4499 922 4562 medium
936 4513 1039 4562 motus
1066 4499 1160 4562 medii
1186 4523 1226 4564 ex
1252 4501 1375 4564 actione
1400 4501 1482 4565 Solis

185 4621 290 4673 ortum
316 4611 518 4699 assignamus,
544 4625 612 4676 tum
638 4625 747 4696 postea
772 4610 930 4694 aperimus
954 4610 1107 4672 rationem
1132 4609 1192 4695 quai
1219 4611 1353 4675 obtineri
1379 4624 1482 4695 potest

188 4721 320 4804 equatio
343 4742 400 4785 ceu
422 4721 574 4786 correctio
589 4734 692 4784 motus
713 4720 808 4783 medii
824 4718 1002 4783 adhibenda
1015 4732 1145 4803 propter
1168 4720 1354 4806 inaequalem
1370 4721 1481 4784 Terrae

191 4846 208 4885 a
226 4827 300 4892 Sole
315 4827 503 4906 distantiam,
527 4854 599 4916 quae
613 4830 741 4916 quidem
756 4829 891 4914 aequatio
905 4829 1083 4893 continetur
1098 4829 1132 4892 in
1147 4828 1184 4893 eb
1200 4851 1295 4915 quam
1315 4831 1357 4894 ill.
1377 4829 1481 4893 Cassi·

194 4953 254 5009 nus,
271 4938 363 5002 titulo
378 4941 496 5004 Primoe
511 4941 712 5025 AEqrcalioms
728 4942 853 5016 solaris,
869 4939 974 5004 tradit.

797 5049 817 5097 R
828 5046 844 5090 b
854 5049 869 5095 ³
