3330 5692
183 660 211 699 tv
662 631 997 699 INTRODUCTIO

180 818 355 901 eclipticam
370 829 462 893 secet,
485 817 536 880 cui
550 837 662 900 nempe
685 816 756 880 ooeli
777 816 847 879 loco
862 817 1072 901 respondeant
1094 818 1159 902 ejus
1175 814 1262 895 nodi,
1286 818 1342 901 qui
1363 817 1396 879 in
1418 815 1473 881 hae

180 928 346 1014 hypothesi
368 928 424 991 fixi
446 927 558 1004 forent,
582 941 614 991 et
635 948 771 1014 quonam
789 927 906 1013 angulo
926 928 1028 991 orbita
1045 927 1147 991 Lunae
1169 926 1251 990 foret
1265 926 1416 989 inclinata
1435 925 1472 989 ad

180 1038 364 1121 eclipticam,
386 1036 470 1100 unde
492 1038 640 1123 quoniam
655 1060 692 1101 ea
708 1039 869 1102 inclinatio
883 1052 1030 1104 constans
1053 1053 1144 1116 esset,
1167 1038 1318 1103 distantia
1336 1038 1437 1101 Lunae
1455 1058 1473 1098 a

177 1146 275 1231 plano
290 1145 441 1228 eclipticae
455 1166 512 1228 per
527 1144 785 1228 perpendiculum
799 1146 987 1223 mensurata,
1004 1146 1085 1211 foret
1099 1168 1222 1231 semper
1237 1146 1472 1232 proportionata

179 1254 334 1318 distantiae
349 1253 598 1337 perpendiculari
623 1253 725 1317 Lunae
740 1277 758 1317 a
773 1253 855 1318 lineri
874 1254 1040 1331 nodorum,
1065 1255 1168 1339 itaque
1192 1276 1234 1317 ex
1257 1253 1388 1342 cognito
1408 1252 1472 1316 loco

182 1365 283 1429 Lunae
300 1377 331 1425 et
345 1362 501 1425 nodorum
516 1363 664 1449 cognosci
677 1363 793 1447 poterit
807 1384 945 1448 quonam
961 1363 1019 1426 sub
1033 1362 1149 1449 angulo
1166 1361 1262 1425 Luna
1278 1361 1321 1426 ab
1335 1360 1471 1444 ecliptici

180 1476 296 1538 distare
311 1472 453 1535 videatur
467 1494 508 1535 en
523 1471 590 1555 ipsit
606 1472 727 1549 Terrln
751 1485 782 1536 et
803 1472 843 1536 ad
859 1472 1018 1558 quodnam
1031 1484 1184 1556 punctum
1198 1470 1357 1555 eclipticae
1371 1468 1471 1534 referri

180 1583 303 1646 debeat.

226 1694 259 1756 Si
275 1692 378 1776 itaque
390 1689 494 1769 Lunae,
504 1702 607 1753 motus
617 1689 695 1752 citra
711 1687 866 1751 actionem
883 1687 964 1752 Solis
980 1686 1228 1762 considerentur,
1245 1685 1367 1749 tabulas
1380 1698 1470 1749 asmo·

180 1799 313 1861 nomicoe
329 1797 453 1859 lunares
469 1795 537 1858 haec
552 1796 711 1858 continere
725 1794 894 1858 debebunt

226 1903 343 1969 Primo.
383 1904 545 1987 Epocbam
560 1903 621 1966 loci
637 1903 738 1966 Lunae
753 1902 828 1966 dato
843 1902 949 1989 aliquo
964 1914 1121 1985 tempore3
1144 1916 1211 1963 tum
1227 1901 1470 1966 observationem

181 2013 242 2076 loci
264 2011 386 2097 apogaei
400 2011 486 2095 quod
501 2011 600 2073 fixum
615 2023 763 2086 maneret,
789 2023 821 2072 et
843 2009 1091 2073 observationem
1105 2006 1167 2070 loci
1181 2005 1345 2070 nodorum
1365 2009 1470 2094 pariter

182 2119 330 2181 fixorum.

227 2225 342 2288 Postea
363 2224 524 2288 continere
547 2224 706 2288 debebunt
721 2225 859 2287 tabulam
875 2236 977 2287 motus
995 2222 1099 2299 medii,
1122 2235 1190 2285 tum
1212 2222 1356 2288 tabulam
1377 2247 1469 2312 aqna-

182 2336 275 2400 tionis
303 2336 404 2398 Lunae
430 2333 602 2398 secundum
630 2335 695 2418 ejus
725 2333 902 2397 distantiam
928 2331 1063 2395 mediam
1088 2330 1128 2393 ab
1156 2352 1314 2418 apogam
1344 2333 1468 2398 ababa

182 2445 356 2510 latitudinis
373 2445 475 2508 Lunae
498 2443 669 2508 secundum
691 2445 808 2508 variam
827 2443 1005 2507 distantiam
1021 2444 1122 2506 Lunae
1143 2465 1163 2505 a
1184 2442 1272 2506 nodo
1295 2458 1329 2508 et
1350 2443 1469 2530 deniqne

184 2554 323 2619 tabulam
337 2552 526 2618 reductionis
539 2554 641 2618 Lunae
655 2553 696 2617 ad
711 2554 894 2639 eclipticam,
911 2550 1083 2617 secundum
1098 2575 1167 2616 eam
1182 2552 1366 2619 distantiam
1382 2554 1468 2620 Lnoe

182 2664 366 2834 affigunt
385 2769 436 2833 his
458 2767 541 2845 addi,
565 2767 672 2831 tabula
693 2766 910 2831 distantiamm
929 2765 1031 2829 Lunae
1053 2788 1072 2828 a
1094 2764 1195 2828 Terra
1219 2765 1395 2831 secunddm
1412 2765 1465 2850 q'ut

182 2876 361 2940 distantiam
382 2875 423 2938 ab
445 2876 510 2959 ejus
525 2895 666 2959 apogaeo,
690 2872 795 2936 tabula
808 2873 1032 2936 diametrorum
1047 2871 1112 2955 ejus
1127 2873 1352 2954 apparentium
1373 2892 1464 2936 seona

183 2983 259 3047 drim
282 2982 424 3046 eamdem
439 2981 619 3046 distantiam
642 2981 681 3044 ab
703 3003 844 3068 apogaeo,
867 2995 899 3045 et
919 2980 1054 3064 denique
1076 2979 1183 3042 tabula
1196 2981 1396 3064 parallaxeos
1414 2980 1462 3071 qui

183 3091 368 3173 deprimitur
382 3090 472 3152 Luna
484 3102 626 3172 respectu
639 3090 820 3172 spectatoris
837 3089 868 3150 in
885 3087 1049 3173 superficie
1060 3085 1199 3153 Telluris
1216 3088 1372 3169 collocati,
1387 3102 1461 3176 prout

183 3196 305 3259 diversa
320 3209 367 3258 cst
381 3197 447 3279 ejus
463 3218 481 3257 a
497 3195 597 3257 Terra
614 3194 769 3270 distantia,
793 3209 825 3258 et
844 3209 938 3279 prout
958 3195 1089 3258 altitudo
1105 3218 1201 3280 supra
1217 3197 1408 3262 horizontem
1425 3210 1459 3259 est

183 3304 316 3367 (liveram

227 3414 314 3477 Talis
330 3413 409 3475 soret
425 3426 488 3476 tota
504 3413 543 3475 dc
561 3412 652 3475 Lunai
670 3411 798 3489 theoria,
816 3413 893 3475 citra
910 3413 990 3476 Solis
1005 3413 1176 3486 actionem3
1202 3413 1260 3475 sed
1271 3416 1339 3498 jam
1352 3438 1369 3478 a
1380 3413 1454 3495 longo

183 3539 325 3608 tcmporc
356 3523 575 3586 intellexerunt
602 3522 782 3598 astronomi,
815 3522 938 3584 lunares
962 3534 1064 3584 motus
1086 3545 1105 3583 a
1128 3521 1232 3584 Lunae
1255 3524 1318 3586 situ
1337 3531 1449 3605 respectu

185 3633 267 3698 Solis
283 3633 455 3718 plurimum
479 3630 607 3705 turbari,
631 3629 714 3693 unde
733 3631 833 3692 varias
849 3631 1065 3704 correctiones,
1089 3629 1153 3691 sive
1174 3633 1360 3714 aquatione
1377 3624 1449 3688 ratiis

183 3742 281 3804 titulis
297 3741 484 3803 concinnare
500 3752 573 3800 sunt
588 3738 700 3800 conati.

227 3848 333 3923 Quum
348 3847 521 3910 luculenter
538 3868 577 3908 ex
593 3845 751 3933 gravitatis
766 3845 896 3920 theoria,
920 3844 989 3908 haec
1003 3867 1068 3907 non
1083 3844 1179 3907 modi)
1194 3845 1391 3930 explicentur,
1409 3836 1449 3903 sed

184 3957 276 4019 etiarn
287 3970 432 4020 accurato
442 3956 562 4018 calculo
571 3955 826 4031 determinentur,
838 3955 1052 4018 demonstrare
1064 3978 1230 4041 aggressus
1240 3971 1288 4020 est
1300 3957 1447 4020 Nemone

183 4076 214 4124 ct
236 4087 288 4125 eas
310 4086 418 4126 omnes
441 4063 630 4148 aequationes
646 4085 716 4147 quae
738 4084 779 4125 ex
804 4062 876 4126 Sole
895 4061 1043 4145 pendent,
1067 4061 1192 4124 calculis
1218 4086 1259 4125 ex
1281 4060 1392 4127 theorii
1409 4053 1446 4119 ⁵¹1i

184 4169 325 4232 deductis
341 4172 383 4233 ita
398 4170 528 4234 feliciter
550 4170 656 4233 statuit
671 4183 706 4232 ut
721 4181 823 4232 motus
840 4169 941 4233 Lunae
957 4171 1061 4254 ejusve
1082 4171 1275 4255 aequationes
1298 4194 1338 4235 ex
1357 4161 1446 4234 calculo

184 4290 316 4360 repertae
328 4279 359 4339 in
372 4279 492 4341 minuto
504 4277 641 4341 secundo
657 4290 710 4341 aut
721 4276 821 4362 prope
833 4299 905 4340 curn
920 4278 957 4339 iis
972 4300 1043 4362 qnae
1058 4277 1098 4339 ab
1114 4279 1359 4342 accuratioribus
1368 4275 1446 4338 ober-

184 4388 360 4451 vationibus
375 4390 576 4452 determinari
588 4400 767 4472 potuerunt,
791 4388 995 4462 consentiant,
1016 4387 1100 4472 quod
1113 4388 1313 4451 autoritatem
1324 4389 1446 4472 integrm

183 4494 227 4556 illi
243 4497 372 4559 tlrcoriae
384 4499 537 4562 conciliat
576 4498 697 4561 Calculi
708 4509 813 4560 autem
829 4497 883 4572 illi,
900 4518 958 4559 nec
970 4495 1074 4558 faciles
1086 4508 1168 4572 sunt,
1181 4517 1241 4560 nec
1252 4485 1447 4581 compendiolo

183 4629 241 4670 nec
256 4630 378 4690 semper
393 4610 556 4673 commode
572 4610 612 4673 od
628 4609 833 4696 syntheticam
848 4608 980 4670 formam
998 4606 1185 4682 reducemli3
1209 4629 1289 4690 quos
1307 4607 1450 4670 Nemnis

184 4714 243 4777 hirc
255 4713 360 4777 ultimi
378 4717 496 4779 ratione
512 4718 620 4780 lectori
637 4740 693 4780 suo
709 4718 816 4779 sistere
830 4717 943 4801 potuit,
967 4738 1020 4778 eos
1043 4716 1203 4779 enucleat&
1218 4716 1325 4793 tradit,
1348 4720 1463 4778 cristatos

182 4821 307 4896 omittit,
323 4833 355 4882 et
370 4821 454 4905 quod
465 4843 505 4884 ex
517 4823 553 4884 iis
566 4823 723 4886 obtinetur
734 4823 863 4886 strictim
879 4823 912 4884 in
930 4821 1057 4886 Scholio
1069 4821 1194 4895 indicat,
1212 4835 1243 4883 et
1252 4823 1357 4905 primo
1368 4816 1476 4905 qual&

183 4929 245 4992 siut
258 4927 319 4991 illae
331 4926 521 5012 aquationes
532 4929 624 5012 juxta
634 4943 883 4991 astronomorum
895 4930 1127 4992 observationes
1142 4928 1229 5005 dicit,
1245 4944 1276 4992 et
1291 4926 1493 5018 quibusnass
