3300 5678
421 490 483 563 ET
509 494 702 562 REFLUX
726 496 792 562 DE
818 498 880 563 LA
904 499 1016 564 MER.
1303 510 1367 570 207

79 668 186 759 parolt
206 667 323 758 exigor.
369 667 460 734 Nous
481 691 624 756 pouvons
646 669 729 735 dono
751 670 817 736 etro
839 671 1010 737 tout-l·fait
1025 671 1093 738 snrs
1109 673 1149 737 de
1162 674 1281 739 n’svoir
1299 674 1368 740 rien

77 779 180 847 admi:
200 777 375 843 d’ssentiel
396 777 475 842 dms
497 790 599 843 tontes
621 802 679 843 nos
701 780 894 859 recherches,
918 783 972 868 qui
994 805 1034 845 ne
1056 783 1117 847 soit
1137 784 1301 849 audessus
1325 784 1366 850 de

74 903 165 957 tonte
179 890 393 955 contestation.

120 996 264 1076 Quanti
284 997 495 1084 l’application
509 997 550 1062 de
564 1020 622 1061 nos
635 998 804 1084 principes,
820 998 840 1062 ὲ
859 999 977 1086 l'usage
992 1022 1054 1085 que
1070 999 1137 1084 j’en
1151 999 1181 1062 si
1197 998 1261 1077 fait,
1278 1012 1310 1064 et
1324 1024 1365 1065 nu

71 1108 180 1177 succes
194 1108 325 1174 demon
339 1109 457 1187 travail,
482 1133 518 1174 ce
531 1112 611 1174 n'est
631 1131 688 1195 pus
703 1108 722 1172 ὲ
736 1110 800 1174 moi
814 1107 834 1174 a
847 1108 924 1174 faire
938 1123 989 1175 cet
1003 1132 1146 1188 examen,
1170 1123 1309 1175 sur-tout
1323 1133 1364 1176 ne

71 1234 213 1311 pouvunt
225 1221 256 1286 le
270 1220 355 1300 fuine,
372 1244 443 1286 sans
458 1235 562 1287 entrer
577 1222 655 1288 dnus
670 1223 841 1287 uncertain
856 1222 1003 1308 parallelo
1018 1245 1093 1287 avec
1109 1244 1152 1286 un
1166 1225 1249 1288 aussi
1263 1222 1366 1311 grand

73 1334 201 1402 homme
216 1336 344 1422 qu’etoit
360 1336 409 1400 M.
425 1336 570 1400 Newton.
618 1336 652 1401 Si
663 1336 718 1421 j’ni
732 1358 772 1400 eu
787 1335 936 1422 quelques
950 1333 1067 1410 succes,
1085 1337 1119 1419 je
1133 1334 1201 1398 dois
1216 1333 1366 1399 svouerrl

71 1444 237 1537 l'qunreur
258 1443 298 1508 de
320 1467 357 1508 oe
377 1457 506 1533 sqavant
524 1443 720 1531 philosophe,
744 1467 805 1530 que
821 1445 896 1509 c’est
909 1444 954 1508 lui
971 1444 1025 1531 qui
1040 1466 1121 1508 nous
1136 1466 1156 1507 a
1168 1443 1283 1508 misen
1299 1443 1365 1509 etat

71 1550 115 1619 de
127 1553 289 1618 raisonner
311 1550 495 1616 solidement
516 1574 571 1616 sur
585 1575 636 1616 oes
652 1563 750 1616 sortes
765 1551 805 1617 de
820 1551 983 1629 mutieres3
1006 1564 1038 1616 et
1060 1551 1087 1616 si
1103 1551 1184 1636 j’ose
1196 1572 1248 1614 me
1262 1550 1365 1615 flatter

71 1654 115 1725 de
129 1657 263 1748 quelque
278 1657 398 1736 merite,
423 1661 498 1724 c'est
512 1658 592 1723 celui
607 1658 726 1723 d'uvoir
740 1659 831 1724 truite
845 1672 937 1724 notre
952 1660 1032 1744 sujet
1045 1680 1121 1723 avec
1135 1680 1197 1722 une
1212 1657 1364 1722 attention

71 1777 106 1833 et
121 1787 184 1832 une
196 1765 374 1832 exactitude
389 1765 549 1831 conforme
563 1790 627 1831 nux
640 1767 760 1856 grande
774 1766 848 1833 vfi‘es
862 1767 903 1832 de
917 1767 1119 1844 l’Academie,
1142 1781 1174 1831 et
1187 1789 1228 1831 au
1243 1778 1365 1852 respect

71 1877 174 1970 (βω
186 1875 251 1944 doit
263 1875 284 1942 tl
298 1889 348 1943 cet
363 1877 481 1944 illustre
496 1901 597 1964 corps.
