3300 5678
313 497 376 554 242
617 495 682 560 DE
706 497 858 564 CAUSA
883 495 1085 583 PHYSlCA
1111 496 1301 562 FLUXUS

312 677 344 728 et
374 686 537 729 ascensum
563 689 653 752 aquoe
683 692 723 733 ex
757 669 888 757 utrique
917 671 947 733 vi
977 670 1145 735 oriundum
1168 671 1201 732 in
1223 669 1377 734 distantiis
1398 668 1599 732 luminarium

312 777 522 841 mediocribus
544 777 609 843 fore
631 780 749 864 pedum
773 790 814 846 50
837 804 909 845 cum
931 782 1066 846 semisse.
1113 781 1240 846 Harum
1258 781 1371 844 virium
1392 779 1549 844 rationem
1562 799 1599 843 ex

312 886 579 950 observationibus
600 910 619 950 a
641 888 738 952 celeb.
757 889 879 953 Cassini
901 889 934 952 in
955 888 1026 953 loco
1048 887 1142 973 supra
1163 890 1258 952 citato
1272 887 1373 951 allatis
1388 886 1597 972 quaesivimus.

312 994 433 1060 Venim
454 995 526 1061 crim
548 1013 663 1082 praeter
683 999 844 1086 generales
867 1021 976 1062 causas
991 1000 1058 1084 jam
1079 1010 1265 1062 memoratas
1285 1017 1419 1082 quarum
1434 995 1549 1081 aliquae
1562 994 1598 1058 ad

312 1103 465 1167 calculum
486 1105 540 1167 vix
562 1107 701 1169 revocari
722 1119 862 1190 possunt,
886 1105 955 1169 11111
970 1107 1064 1169 111111
1079 1127 1119 1168 ex
1133 1104 1275 1168 locorum
1289 1104 1361 1180 situ,
1380 1101 1536 1166 vadorum
1556 1103 1598 1166 in-

312 1213 393 1289 dole,
417 1224 581 1277 ventorum
602 1214 633 1275 vi
654 1227 686 1278 et
708 1213 801 1301 plagi
824 1213 1005 1299 pendentes,
1028 1225 1121 1276 aestus
1140 1213 1235 1275 maris
1250 1233 1334 1274 nunc
1348 1211 1496 1296 majores,
1520 1231 1598 1272 nune

312 1323 449 1385 minores
471 1322 614 1398 reddant,
637 1345 701 1385 non
716 1335 763 1385 est
777 1322 891 1385 mirum
914 1323 940 1385 si
960 1323 1041 1385 vires
1065 1321 1167 1385 Lunae
1182 1342 1253 1406 quae
1267 1317 1426 1403 prodeunt
1439 1340 1483 1381 ex
1498 1317 1598 1381 obser·

311 1428 488 1491 rationibus
503 1428 536 1490 in
550 1427 626 1491 locis
642 1427 780 1504 diversis,
797 1428 847 1491 vel
861 1430 894 1491 in
909 1427 1019 1491 eodem
1033 1426 1104 1491 loco
1118 1426 1247 1490 diversis
1261 1424 1502 1509 tempestatibus
1517 1424 1598 1488 insti·

312 1535 389 1599 tutis
412 1556 477 1596 non
499 1533 592 1618 plane
614 1535 817 1597 consentiant.
865 1534 1028 1618 Computis
1043 1533 1138 1620 igitur
1153 1555 1231 1618 quos
1247 1531 1286 1595 de
1301 1545 1390 1594 motu
1405 1529 1504 1594 maris
1519 1529 1597 1592 exri

313 1645 416 1709 Lunoe
439 1644 573 1707 oriundo
595 1644 782 1707 instituimus
804 1642 1001 1707 recensendis
1026 1641 1305 1725 impraesentiarum
1331 1661 1397 1703 non
1422 1637 1597 1702 immorabi-

312 1775 394 1816 mur.
442 1753 613 1838 Postquam
634 1730 709 1815 verb
732 1753 962 1816 observationes
984 1752 1097 1837 aliquae
1118 1753 1201 1815 circa
1215 1763 1309 1814 aestus
1324 1750 1421 1812 maris
1435 1749 1479 1812 ad
1500 1748 1596 1812 littora

313 1860 469 1924 Americae
484 1872 515 1922 11
531 1859 632 1922 Indiae
647 1859 816 1923 Orientalis
831 1882 908 1944 quas
923 1871 1132 1943 expectamus,
1149 1858 1190 1922 ad
1204 1880 1313 1921 manus
1328 1855 1541 1940 pervenerint,
1561 1855 1596 1920 de

311 1969 397 2032 hisce
421 1968 527 2031 forsan
551 1965 664 2031 certiris
686 1967 871 2053 judicemus.
928 1966 1140 2030 Observamus
1164 1963 1286 2029 11111111
1309 1976 1404 2028 aestus
1429 1965 1465 2027 in
1490 1964 1596 2027 minori

312 2076 431 2139 ratione
446 2076 625 2139 decrescere
640 2074 738 2137 videri
756 2072 850 2160 quam
865 2072 1020 2158 duplicati
1033 2073 1119 2135 sinus
1134 2071 1352 2157 complementi
1367 2069 1596 2146 declinationis;

312 2183 388 2268 quin
410 2195 442 2246 et
463 2182 591 2268 reliquae
613 2181 707 2244 aestirs
729 2180 814 2267 leges
836 2179 996 2267 generales
1018 2202 1058 2243 ex
1079 2195 1166 2243 motu
1186 2201 1275 2265 aquae
1296 2179 1461 2262 reciproco
1480 2193 1597 2263 pertur-

311 2292 435 2356 bantur.
485 2291 549 2357 Sed
563 2313 707 2354 veremur
722 2313 762 2355 ne
777 2289 905 2354 taedium
921 2291 1032 2374 pariat,
1056 2290 1082 2353 si
1103 2301 1279 2374 repetamus
1294 2310 1365 2374 quoe
1380 2287 1421 2351 ab
1434 2288 1506 2352 aliis
1521 2291 1596 2374 jam·

311 2402 432 2466 dudum
448 2401 561 2464 tradita
576 2414 657 2465 sunt.
689 2399 799 2464 AEstus
815 2399 950 2463 anomali
965 2423 983 2462 a
997 2398 1138 2462 locomm
1150 2411 1181 2462 et
1191 2399 1325 2461 marium
1339 2397 1402 2460 situ
1416 2397 1597 2485 plerumque

312 2509 450 2593 pendere
465 2508 619 2572 videntur.
666 2507 907 2573 Observandum
922 2521 1026 2571 tamen
1041 2529 1081 2570 ex
1101 2507 1219 2570 theoriis
1235 2506 1396 2594 gravitatis
1411 2509 1512 2593 sequi,
1534 2508 1597 2571 uui·

236 2619 241 2628 '
311 2639 383 2680 curn
404 2615 526 2681 11111111
547 2627 658 2679 aestum
680 2616 780 2700 spatio
803 2624 844 2679 24
865 2616 1015 2679 horarum
1038 2616 1219 2703 contingere
1240 2637 1470 2702 nonnunquam
1489 2617 1596 2681 debere

312 2722 344 2787 in
365 2723 441 2786 locis
463 2723 545 2788 ultra
567 2730 608 2788 62
630 2722 764 2810 gradum
785 2722 965 2800 latitudinis,
989 2723 1016 2786 si
1037 2722 1240 2807 reciprocatio
1255 2721 1359 2786 motirs
1376 2744 1470 2808 aquae
1484 2722 1518 2786 id
1531 2746 1596 2808 per·

314 2832 491 2896 mitteret*

355 2938 451 3016 Qubd
467 2939 492 3002 si
514 2939 647 3025 analysis
662 2939 854 3003 diversarum
870 2963 1033 3003 causarum
1047 2963 1118 3026 quae
1135 2939 1176 3003 ad
1190 2953 1284 3004 aestus
1298 2940 1510 3024 phaenomena
1529 2960 1595 3023 pro·

314 3049 458 3112 ducenda
480 3047 652 3123 conferunt,
676 3051 819 3110 accurate
841 3048 960 3117 institui
974 3060 1089 3131 posset,
1106 3046 1138 3108 id
1154 3046 1237 3110 certe
1253 3047 1293 3110 ad
1309 3047 1489 3110 uberiorem
1504 3046 1595 3108 scien·

313 3159 387 3222 tiam
413 3159 523 3221 virium
546 3171 577 3221 et
598 3172 740 3221 motuum
763 3159 935 3242 systematis
957 3158 1066 3220 mundi
1088 3179 1152 3219 non
1173 3179 1285 3240 parum
1301 3155 1470 3220 conferret.
1515 3154 1594 3219 Hinc

313 3268 397 3331 enim
418 3268 494 3331 situs
517 3267 615 3330 centri
637 3266 796 3353 gravitatis
820 3266 920 3329 Lunae
943 3280 974 3330 11
997 3267 1117 3344 Terrae,
1141 3282 1173 3331 et
1194 3290 1264 3353 quae
1281 3266 1323 3330 ad
1342 3266 1593 3352 aequinoctiorum

311 3379 552 3460 praecessionem
575 3378 695 3462 aliaque
718 3377 925 3462 phaenomena
946 3390 1067 3440 naturae
1087 3377 1221 3463 insignia
1242 3389 1394 3461 spectant,
1419 3373 1532 3440 certids
1552 3375 1592 3435 in·

313 3496 515 3548 notescerent
562 3483 650 3558 Quas
672 3484 712 3547 ob
735 3506 843 3546 causas
865 3484 1121 3569 ascensirs-aquae
1144 3485 1357 3570 quantitatem,
1381 3505 1541 3569 quousque
1558 3499 1591 3543 ex

313 3594 450 3657 motibus
477 3592 654 3656 coelestibus
680 3615 749 3656 eam
773 3595 895 3679 assequi
922 3594 1002 3671 licet,
1024 3594 1166 3658 accurate
1186 3595 1398 3658 deliniendam
1420 3607 1453 3658 et
1473 3595 1590 3658 demon-

310 3700 478 3776 strandam,
501 3700 610 3783 positis
632 3700 753 3786 legibus
775 3702 933 3787 gravitatis
956 3724 1027 3787 quae
1049 3725 1089 3765 ex
1112 3703 1380 3766 observationibus
1403 3703 1589 3767 deducuntur

311 3806 364 3891 (de
380 3808 468 3890 cujus
483 3807 575 3869 causi
590 3804 642 3868 hic
657 3828 724 3869 non
738 3821 785 3869 est
800 3807 973 3870 disserendi
987 3808 1087 3888 locus)
1103 3810 1288 3893 putavimus.
1335 3810 1483 3896 Cogitata
1497 3821 1587 3872 autem

312 3915 382 3979 haec
406 3917 632 4002 qualiacunque
651 3917 770 4003 judicio
793 3917 1008 3982 illustrissimae
1032 3919 1212 3983 Academiae
1245 3922 1365 4008 Regiae,
1397 3945 1491 4008 quam
1512 3917 1584 3983 omni

314 4022 432 4086 honore
447 4038 477 4087 et
493 4025 663 4088 1111111111
679 4047 802 4108 semper
815 4027 1041 4110 prosequimur,
1058 4027 1200 4090 lubenter
1216 4030 1436 4092 submittimus.

343 4196 405 4242 ·sit
420 4197 481 4242 enim
504 4199 580 4244 Lunae
599 4196 723 4244 declinatio
744 4204 773 4243 98
793 4213 829 4259 gr.
848 4208 872 4245 et
891 4198 935 4245 loci
969 4199 1053 4245 festum
1069 4211 1103 4246 est
1125 4201 1218 4248 Lunam
1235 4203 1307 4249 semel
1326 4203 1421 4250 11111111
1440 4209 1469 4250 2⁴
1487 4205 1578 4250 bom

310 4260 370 4306 ultra
387 4266 418 4308 62
437 4276 472 4323 gr.
491 4261 570 4309 rersirs
585 4262 682 4309 eandem
700 4262 802 4324 plagam,
820 4272 843 4309 01
862 4263 936 4309 mani·
968 4266 1042 4323 spatio
1056 4264 1100 4312 loci
1112 4266 1182 4328 huJus
1194 4268 1336 4314 horizontem
1348 4269 1467 4332 atuugere.
