3300 5678
210 543 287 587 mv
690 536 1025 617 INTRODUCTIO
1336 567 1435 646 [Car.
1453 573 1498 640 ll.

209 697 407 782 Maupertuis
418 703 647 770 nobilissimum
658 731 737 794 opus
752 713 793 777 de
808 716 909 804 figurfi
925 724 1044 792 telluris
1059 753 1116 815 per·
1130 734 1363 809 observationes
1383 746 1424 812 ad
1439 751 1496 815 cir.

207 803 312 869 culum
326 807 464 891 polarem
481 810 620 878 definiti.

248 921 300 983 27.
325 915 483 983 Refractio
497 920 608 987 sideris
622 923 873 1012 declinationem,
890 944 1104 1011 ascensionem
1120 964 1248 1033 rectam,
1264 955 1497 1047 longitudinem

204 1042 241 1084 ac
269 1021 465 1090 latitudinem
493 1028 589 1095 afficit
619 1043 651 1098 et
679 1057 771 1101 arcus
801 1040 911 1107 circuli
938 1053 1068 1118 maximi
1092 1079 1156 1143 quo
1183 1060 1294 1129 sideris
1315 1065 1493 1153 declinatio,

201 1132 341 1196 ascensio
363 1147 457 1212 recta,
479 1134 644 1225 longitudo
664 1156 696 1207 et
717 1144 851 1213 latitudo
871 1153 1023 1224 minuitur
1043 1163 1092 1228 vel
1112 1183 1245 1256 augetur
1259 1196 1318 1258 per
1333 1177 1494 1249 refracfio.

200 1257 282 1316 nem,
293 1238 420 1305 “dicitur
440 1241 586 1309 refractio
606 1245 821 1318 declinationis
836 1257 887 1322 vel

198 1349 387 1414 ascensionis
403 1361 507 1430 reetae,
529 1355 606 1432 διας
629 1371 661 1421 at
675 1381 715 1423 ex
730 1360 803 1428 data
818 1365 888 1430 alti-

197 1456 314 1520 tudinis
343 1457 529 1526 refractione
564 1462 635 1529 aliae
665 1466 887 1538 refractionum

196 1566 315 1649 species
326 1567 458 1632 inveniri
468 1584 611 1655 possunt.
643 1574 728 1641 Nam
739 1580 773 1643 in
784 1580 886 1669 figorfi

195 1675 348 1758 superiori
374 1676 490 1743 dantur
513 1683 547 1745 in
571 1685 732 1774 triangulo
758 1712 773 1752 s
802 1690 829 1755 Z
858 1691 886 1756 P
930 1689 972 1750 Ε

193 1781 886 1882 lateraZsetZPcumnngilosZPet

192 1892 266 1958 iude
290 1897 444 1980 reperitur
468 1899 548 1965 latus
574 1925 589 1966 s
617 1904 645 1969 P
668 1927 741 1970 cum
765 1911 883 1998 angulo
928 1969 963 2029 H
1017 1969 1022 1990 ,

192 2025 207 2065 s
232 2002 260 2067 P
281 2004 308 2068 Z
330 2007 418 2092 cujus
440 2030 588 2075 mensura
609 2024 658 2077 est
678 2037 769 2080 arcus
785 2016 830 2083 ΖΕ
848 2019 881 2099 d,

189 2112 274 2177 unde
298 2112 371 2178 crim
394 2116 487 2180 detur
511 2141 602 2183 arcus
623 2119 669 2186 AE
689 2123 734 2202 D,
755 2124 882 2192 dubitur

188 2244 279 2286 arcus
301 2224 323 2288 d
341 2225 376 2290 D
395 2226 540 2292 refractio
566 2231 756 2297 ascensionis
784 2246 880 2300 rectae

187 2329 296 2397 sideris
321 2335 361 2411 S;
384 2347 415 2400 et
437 2337 511 2423 quia
528 2338 645 2404 dantur
664 2364 754 2407 arcus
773 2342 873 2410 dset

186 2441 220 2505 D
238 2441 271 2516 S,
287 2441 412 2506 dabitur
427 2444 521 2508 etiam
540 2444 655 2510 horum
677 2471 807 2514 arcuum
829 2448 1014 2525 differentia,
1031 2467 1102 2530 quae
1118 2459 1164 2506 est
1179 2443 1324 2510 refractio
1340 2447 1477 2513 declino-

183 2551 286 2615 tionis.
333 2552 397 2618 Sed
416 2553 497 2618 datis
521 2553 730 2623 declinatione
752 2572 784 2624 et
807 2560 989 2625 ascensione
1014 2552 1118 2620 reotfi:
1145 2555 1255 2638 puncti
1280 2557 1418 2639 cujusvis
1443 2557 1476 2621 in

183 2658 307 2744 sphera
329 2660 498 2739 mundani,
521 2662 636 2727 dantur
657 2665 755 2751 ipsius
776 2667 909 2733 latitudo
929 2680 962 2732 et
984 2660 1150 2751 longitudo
1167 2661 1255 2744 (18);
1276 2677 1361 2746 patet
1378 2664 1472 2753 igitur

182 2768 340 2854 quomodo
354 2767 526 2834 latitudinis
542 2785 573 2835 et
587 2771 791 2860 longitudinis
807 2775 1009 2841 refractiones
1022 2770 1144 2857 possint
1158 2769 1299 2834 inveniri.

224 2885 276 2941 28.
299 2877 372 2942 Jam
394 2877 434 2941 de
455 2881 677 2946 Porollooibru
696 2904 798 2966 pauca
818 2884 910 2949 nobis
938 2878 1105 2948 delibanda
1128 2890 1210 2944 sunt
1258 2877 1391 2959 Caetera,
1417 2879 1472 2945 ubi

180 3010 259 3073 opus
281 2987 384 3068 suerit,
408 2991 472 3055 suis
493 2990 570 3055 locis
592 3014 798 3078 exponemus.
845 2994 955 3082 Itaque
977 2989 1123 3055 distantia
1141 2987 1283 3052 loconun
1298 2988 1332 3051 in
1346 2987 1470 3074 sphaeri

179 3093 297 3160 coelesti
318 3095 358 3159 ad
380 3119 451 3183 quae
473 3097 559 3161 sidus
574 3099 624 3163 vel
637 3099 870 3183 phaeuomenon
886 3100 1019 3187 quodvis
1034 3120 1051 3161 e
1067 3093 1232 3181 superficie
1247 3094 1367 3160 telluris
1382 3109 1470 3162 etex

178 3207 244 3291 ejus
266 3221 374 3272 centro
396 3222 570 3294 spectatum
591 3208 735 3289 refertur,
758 3209 823 3274 sive
845 3231 936 3274 arcus
959 3205 1066 3273 circuli
1087 3204 1216 3268 maximi
1233 3205 1315 3269 inter
1336 3205 1391 3270 illa
1404 3205 1469 3270 duo

176 3312 246 3378 loca
261 3316 459 3400 interceptus,
483 3316 579 3401 ipsius
594 3315 705 3381 sideris
720 3329 775 3380 aut
788 3316 991 3403 phaenomeni
1004 3312 1173 3400 parallaxis
1188 3312 1374 3398 appellum,
1397 3338 1468 3403 quae

175 3424 308 3508 proinde
331 3425 417 3488 nulla
438 3438 486 3490 est
505 3425 566 3489 nisi
581 3438 674 3490 terrae
689 3425 919 3491 semidiameter
937 3424 1113 3490 sensibilem
1128 3421 1244 3486 habeat
1256 3422 1410 3487 rationem
1425 3423 1466 3489 ad

176 3532 354 3598 distantiam
375 3533 485 3597 sideris
507 3556 527 3597 a
548 3531 641 3598 terrai.
689 3535 737 3600 Sit
751 3534 784 3598 T
799 3547 942 3599 centrum
957 3532 1075 3598 telluris
1090 3553 1127 3594 ac
1144 3530 1215 3594 coeli
1223 3554 1232 3608 3
1257 3531 1288 3596 A
1303 3531 1413 3597 oculus
1433 3534 1466 3597 in

174 3645 338 3728 superficie
359 3656 469 3720 terrae3
490 3645 517 3709 Z
538 3644 642 3709 zenith
664 3643 725 3708 loci
748 3646 798 3722 A3
822 3645 855 3721 Q
878 3643 962 3709 sidus
984 3642 1033 3708 vel
1055 3641 1289 3727 phaenomenon
1314 3641 1446 3727 quodvis
1453 3665 1463 3719 3

150 3752 204 3828 ‚C
228 3752 261 3829 Q
281 3754 308 3818 P
333 3753 488 3821 verticalis
509 3776 567 3839 per
589 3755 622 3831 Q
644 3755 816 3832 transiens3
845 3753 870 3818 Z
894 3754 917 3819 S
940 3754 974 3818 X
999 3753 1035 3817 H
1061 3750 1215 3816 verticalis
1241 3752 1275 3814 in
1298 3751 1463 3836 superficie

174 3861 308 3945 spbaerae
329 3864 482 3942 coelestis3
507 3866 538 3928 A
559 3864 588 3929 B
608 3863 636 3928 E
658 3864 813 3929 verticalis
835 3865 870 3928 in
892 3863 1059 3949 superficie
1081 3875 1193 3937 terrae3
1217 3861 1249 3926 T
1272 3861 1309 3925 H
1331 3861 1461 3928 horinon

175 3970 332 4036 rationalis
354 3987 386 4039 et
400 3973 468 4040 Ah
491 3971 621 4037 horizon
643 3971 806 4037 sensibilis.
856 3971 919 4036 His
942 3969 985 4034 iu
1006 3968 1192 4046 constitutis,
1209 3967 1296 4032 locus
1310 3966 1458 4056 physicus

172 4078 284 4144 sideris
296 4080 339 4160 Q,
355 4095 402 4147 est
415 4095 568 4167 punctum
581 4081 661 4146 illud
673 4083 707 4145 in
722 4104 786 4168 quo
801 4081 910 4145 sideris
922 4093 1064 4145 centrum
1074 4078 1182 4141 haeret
1221 4076 1327 4142 Locus
1338 4080 1458 4164 opticus

171 4212 326 4275 apparens
349 4214 404 4257 seu
424 4194 509 4257 visus
533 4204 580 4257 est
600 4203 751 4276 punctum
767 4192 798 4254 V
813 4192 846 4255 in
861 4190 1026 4277 superficie
1041 4189 1174 4274 sphaerae
1190 4187 1332 4268 coelestis,
1349 4190 1381 4252 in
1397 4211 1460 4278 quo

171 4311 257 4363 recta
270 4321 311 4363 ex
325 4298 417 4363 oculo
433 4303 464 4365 A
478 4322 536 4385 per
550 4312 692 4364 centrum
707 4299 817 4364 sideris
829 4298 862 4375 Q
876 4298 971 4362 ducta
978 4296 1177 4361 terminatur.
1216 4295 1322 4361 Locus
1333 4297 1455 4383 opticus

171 4431 263 4474 verus
287 4422 334 4473 est
358 4421 509 4494 punctum
535 4410 558 4475 S
582 4409 615 4471 in
641 4408 804 4492 superficie
827 4407 960 4491 sphaerae
984 4406 1117 4471 roelestis
1138 4407 1171 4470 in
1193 4426 1256 4493 quo
1275 4409 1461 4473 terminatur

174 4531 260 4581 recta
274 4517 357 4580 linea
371 4516 403 4580 T
419 4515 452 4592 Q
468 4517 492 4582 S
506 4538 546 4581 ex
560 4530 653 4581 terrae
667 4527 776 4580 centro
791 4514 822 4578 T
836 4537 893 4598 per
909 4514 942 4590 Q
957 4512 1060 4579 ducta.
1105 4516 1287 4578 Parolloris
1308 4528 1356 4580 est
1370 4538 1459 4581 arcus

178 4624 248 4691 SV
271 4624 335 4688 sive
358 4622 532 4688 differentia
553 4623 688 4689 duorum
701 4622 842 4687 locorum
859 4622 1042 4706 optinorum.
1087 4621 1224 4708 Angelus
1239 4625 1459 4706 parallocticru

176 4755 227 4820 qur
248 4732 436 4821 plerumque
457 4731 550 4797 etiam
571 4733 753 4799 Porolloer's
775 4742 910 4807 vocetur,
937 4742 983 4794 ost
1006 4727 1138 4816 angulus
1161 4730 1193 4793 A
1208 4728 1241 4805 Q
1257 4727 1289 4793 T
1311 4753 1405 4816 quem
1426 4731 1461 4795 in
