3330 5692
142 586 238 653 tura
252 587 435 669 Τιιιιιυι]
480 588 721 655 PRINCIPiA
746 588 1113 655 MATHEMATICA.
1360 598 1401 654 45

142 760 287 855 taliis
277 783 311 823 ιιι
334 762 456 826 casibus
470 761 617 826 distantia
632 775 811 826 centrorum
827 783 949 846 semper
963 763 1065 824 minor
1080 773 1136 824 est.
1182 761 1225 826 Et
1237 773 1404 846 propterea

142 862 192 933 dm
217 881 364 935 centrum
386 869 464 934 illud
488 866 648 957 gravitatis
671 870 824 956 perpetub
849 869 988 956 quiescit,
1020 868 1075 934 sol
1100 889 1159 952 pro
1184 870 1269 932 vario
1294 869 1402 953 plane-

142 968 220 1045 irum
242 980 308 1044 situ
330 981 364 1043 in
383 1002 492 1045 omnes
513 995 617 1065 partes
638 983 822 1059 movebitur,
839 981 894 1046 sed
909 1005 929 1045 a
942 991 1050 1045 centro
1066 981 1121 1044 illo
1135 1002 1294 1067 nunquam
1308 978 1404 1067 longe

142 1087 252 1153 ιιιιιι.

159 1198 263 1263 strela
287 1195 380 1262 Hinc
400 1218 565 1262 commune
578 1197 738 1286 gravitatis
754 1209 896 1261 cendum
918 1198 1038 1274 Terrae,
1064 1197 1146 1262 Solis
1161 1208 1192 1260 et
1205 1196 1400 1281 planetarum

142 1306 259 1373 unium
279 1328 344 1393 pro
356 1320 465 1372 centro
478 1309 588 1373 mundi
601 1307 781 1372 habendum
795 1319 851 1371 est.
897 1306 980 1371 Nam
995 1302 1066 1371 crim
1082 1306 1192 1382 Terra,
1218 1302 1272 1369 Sol
1287 1303 1319 1367 e't
1332 1301 1399 1388 pla-

142 1424 335 1483 womues
354 1416 510 1502 gravitent
531 1417 562 1479 in
585 1438 620 1480 se
639 1414 759 1494 mutub,
782 1428 814 1479 et
833 1426 1008 1500 propterea,
1031 1436 1090 1499 pro
1105 1415 1135 1477 vi
1148 1413 1307 1500 gravitatis
1323 1434 1397 1488 suoe,

142 1521 290 1609 cundum
309 1522 397 1610 leges
410 1523 521 1588 motirs
543 1523 694 1609 perpetub
712 1526 885 1612 agitentur:
908 1525 1108 1610 perspicuum
1123 1522 1270 1610 estquod
1284 1523 1398 1587 horum

142 1644 222 1723 ntra
233 1632 369 1697 mobilia
383 1654 442 1717 pro
456 1633 566 1697 mundi
580 1646 688 1698 centro
703 1634 880 1720 quiescente
894 1633 1001 1698 haberi
1015 1642 1183 1719 nequeunt.
1230 1630 1264 1696 Si
1286 1652 1398 1714 corpus

142 1738 194 1803 hd
204 1740 368 1805 incuruo
380 1739 547 1806 locandum
562 1754 652 1819 esset,
676 1742 709 1804 in
730 1741 815 1828 quod
830 1763 961 1827 corpora
975 1743 1080 1805 omnia
1093 1738 1229 1804 maximi
1243 1740 1399 1827 gravitant

142 1846 286 1937 tiwig'i
299 1860 353 1935 est
365 1849 485 1934 opinio)
506 1849 704 1938 privilegium
725 1849 809 1914 istud
832 1850 1066 1915 concedendum
1087 1862 1167 1914 esset
1193 1847 1268 1913 Soli.
1314 1847 1397 1912 Crirn

142 1968 221 2023 ltu
243 1956 301 2025 Sol
312 1948 496 2036 *moveam-
514 1959 692 2047 eligendum
708 1960 767 2024 erit
779 1974 929 2046 punctum
945 1961 1116 2046 quiescens,
1140 1984 1159 2024 a
1178 1982 1241 2046 quo
1255 1971 1396 2023 centrum

142 2062 314 2153 ulit'sqm
334 2063 464 2128 minime
485 2066 626 2144 discedit,
649 2078 680 2130 et
701 2091 720 2130 a
742 2089 804 2154 quo
824 2068 908 2132 idem
928 2067 1031 2132 adhuc
1044 2067 1147 2132 minus
1161 2066 1346 2145 discederet,
1370 2067 1395 2131 si

142 2168 214 2237 alib
222 2170 281 2239 Sol
293 2170 425 2237 dmsicr
438 2185 519 2238 esset
533 2183 565 2237 et
578 2175 686 2259 major,
708 2186 742 2238 ut
755 2176 857 2239 minus
872 2188 1057 2240 moveretur.

328 2444 615 2513 PROPOSITIO
640 2448 741 2514 XIII.
786 2449 1056 2515 THEOREMA
1080 2449 1179 2515 XHI.

153 2616 174 2662 “·
199 2650 230 2669 ..
270 2626 431 2681 mma
455 2618 489 2679 iu
514 2617 666 2700 ellipsibus
686 2619 853 2684 umbilicum
877 2620 1052 2684 habentibus
1077 2623 1111 2683 in
1133 2629 1234 2683 centm
1252 2620 1340 2695 Solis,
1364 2630 1393 2683 et

146 2726 250 2791 'radiis
262 2726 311 2791 lul
323 2734 458 2790 cenam
472 2727 551 2790 illud
563 2729 659 2792 ductis
672 2750 760 2792 areas
771 2730 938 2793 describunt
952 2728 1130 2811 temporibus
1137 2729 1390 2811 proportionales.

162 2938 395 3027 Reputarimus
408 2960 504 3025 supra
517 2939 558 3003 de
571 2938 621 3003 his
635 2939 771 3003 motibus
786 2960 827 3001 ex
840 2937 1063 3022 phaenomenis.
1095 2935 1167 3000 Jam
1182 2936 1313 3024 cognitis
1323 2958 1390 3001 mo·

144 3111 149 3132 s
175 3068 196 3111 ο
208 3045 386 3133 principiis,
397 3067 438 3111 ex
450 3044 500 3110 his
509 3046 682 3134 colligimus
693 3057 796 3109 motus
808 3044 947 3110 ooelestes
962 3068 981 3108 a
993 3043 1100 3129 priori.
1132 3045 1290 3122 Quoniam
1311 3066 1391 3129 pon·

189 3150 393 3253 piauetarum
401 3155 435 3218 in
447 3154 552 3220 Solem
564 3166 638 3218 sunt
651 3152 811 3240 reciproci
822 3163 859 3217 ut
866 3151 1017 3238 quadrata
1027 3151 1242 3216 distantiarum
1254 3175 1272 3215 a
1284 3165 1390 3217 centro

142 3257 208 3342 'fr
239 3262 269 3327 si
294 3258 351 3327 sol
370 3261 550 3349 quiesceret
574 3273 606 3325 et
630 3260 765 3346 planetae
790 3260 901 3347 reliqui
927 3282 992 3324 non
1015 3271 1144 3348 agerent
1165 3261 1197 3324 in
1218 3283 1251 3324 se
1269 3261 1388 3339 mutub,

149 3365 171 3420 ‘''i
193 3382 209 3435 t
232 3368 328 3437 orbes
353 3390 464 3434 eorum
485 3368 622 3455 eliiptici‚
647 3369 753 3436 Solem
774 3369 808 3433 in
829 3369 976 3435 umbilico
998 3370 1154 3434 communi
1175 3370 1335 3448 habentes,
1358 3384 1389 3434 et

142 3475 180 3570 *²²5*
207 3467 463 3548 describerentur
483 3481 676 3566 temporibus
696 3478 946 3565 proportionales
970 3483 1040 3565 (per
1063 3479 1201 3565 Propi.
1224 3493 1256 3544 et
1278 3474 1341 3544 XI.
1357 3492 1388 3542 et

196 3590 215 3653 ἵ.
233 3598 264 3655 1.
288 3590 386 3676 Prop.
402 3588 504 3655 XIII.
528 3588 599 3654 Lib.
617 3588 658 3671 I.)
681 3588 818 3654 actiones
840 3600 944 3652 autem
963 3588 1160 3672 planetarum
1180 3589 1214 3653 in
1232 3612 1265 3653 se
1279 3601 1387 3653 mutuo

142 3677 185 3757 ef
203 3696 289 3785 ignee
310 3708 384 3762 sunt
405 3700 454 3782 (ut
473 3696 597 3783 possint
616 3695 785 3777 contemni)
810 3706 841 3759 et
853 3707 956 3760 motus
971 3696 1166 3779 planetarum
1180 3697 1214 3759 in
1228 3696 1387 3782 ellipsibus

146 3805 190 3897 J...
207 3802 316 3871 Solem
330 3802 478 3868 mobile·
493 3800 597 3867 minda
610 3801 796 3889 perturbant
810 3807 880 3888 (per
895 3802 991 3888 Prop.
1007 3803 1132 3869 LXVI.
1148 3804 1220 3870 Lib.
1237 3804 1278 3884 Ι.)
1293 3804 1386 3892 quim

145 3961 147 3966 ,
214 3932 253 3977 us
265 3910 320 3975 isti
332 3910 418 3977 circa
433 3910 539 3978 Solem
553 3908 762 3997 quiescentem
775 3924 1008 3997 peragerentur.

165 4015 167 4020 ’
187 4039 245 4088 ,ῑιο
258 4016 388 4106 quidem
400 4016 488 4085 Jovis
502 4017 536 4080 in
553 4017 722 4082 Sanunum
735 4039 800 4080 non
814 4029 862 4081 est
875 4019 1003 4082 omnino
1022 4019 1256 4084 contemnenda.
1301 4021 1385 4086 Nam

144 4103 204 4235 ’ἦ
217 4148 243 4191 ο
263 4126 300 4189 in
314 4123 428 4192 Jovem
440 4123 542 4191 estad
555 4123 740 4213 gravitatem
754 4124 787 4186 in
804 4123 909 4189 Solem
924 4126 1064 4210 (paribus
1079 4126 1244 4206 distantiis)
1260 4129 1298 4213 (¹)
1315 4143 1350 4194 ut
1367 4141 1380 4193 l

291 4322 428 4371 που
462 4318 732 4382 ampurien
761 4320 942 4369 mumm-
927 4321 1385 4397 musaqummyemmasu·

165 4393 255 4438 „im
220 4385 622 4463 mpimmcdstanecenuum
601 4386 782 4496 mgni-nm„
761 4384 961 4441 medaea·
971 4383 1196 4448 verbSolinetpinn
1141 4387 1384 4465 planetarumponde·

226 4446 600 4510 mmmmddr
674 4449 1383 4562 aits-nbur(perCormlProp.V11L)irrmveatic,dcto·

189 4532 203 4550 ·›
222 4513 731 4642 meffluqmmw
639 4577 730 4627 ttoen-
760 4525 1004 4654 gumwini
1013 4515 1081 4656 ibin.
1081 4514 1385 4649 wibmpatstmmm:

227 4644 320 4695 m
375 4705 672 4769 pompeniano
681 4715 728 4754 utri
761 4599 1385 4794 ffifflffiwmmbrbuilom:

227 4705 729 4901 ἴὲῗᾪιφοδῶιᾞ
792 4768 853 4836 (¹)
870 4773 1358 4842 Utandlottoeorthmpvlll).

244 4924 266 4975 I.
585 4958 587 4963 -
733 4920 754 4969 F
