3330 5692
184 506 245 561 828
414 492 681 571 INQUISITIO
705 489 909 558 PHYSICA
932 489 983 555 ΙΝ
1007 488 1203 556 cAUsnM

183 685 255 745 tam,
272 690 405 754 quorum
420 669 499 732 alter
513 668 594 732 circa
610 666 727 744 Solem,
743 667 822 730 alter
835 667 918 731 circa
933 666 1058 730 Lunam
1073 664 1218 751 agitetur,
1234 675 1331 749 atque
1347 674 1471 750 uterque

183 781 249 863 ejus
265 778 304 840 sit
319 776 442 855 indolis,
459 790 494 840 ut
509 778 589 841 vires
605 775 786 864 centrifugae
800 776 981 840 decrescant
1001 776 1034 839 in
1048 773 1204 859 duplicati
1220 774 1347 838 ratione
1361 773 1471 837 distan-

182 891 295 953 tiarum
309 912 328 951 a
343 889 456 951 centris
473 889 634 974 utriusque
649 887 793 952 vorticis:
817 909 887 972 quae
900 886 1076 971 proprietas
1090 884 1260 962 obtinetur,
1284 884 1312 947 si
1335 883 1470 948 celeritas

183 999 324 1062 materiae
347 999 468 1062 subtilis
490 999 630 1088 gyrantis
652 999 684 1061 in
706 1019 830 1084 quoque
852 997 969 1061 vortice
989 1008 1093 1060 teneat
1112 995 1267 1058 rationem
1283 995 1471 1079 reciprocam

182 1107 427 1191 subduplicatam
443 1108 670 1173 distantiarum.
716 1108 828 1193 Neque
842 1104 917 1171 verb
931 1106 965 1169 hi
979 1106 1044 1170 duo
1058 1107 1191 1170 vortices
1206 1104 1247 1168 ad
1264 1104 1388 1169 libitum
1403 1117 1471 1168 sunt

183 1215 361 1302 excogitati,
378 1214 433 1277 sed
449 1214 500 1278 ille
516 1215 571 1300 qui
588 1214 694 1279 Solem
709 1213 882 1278 circumdat
896 1225 944 1278 est
958 1213 984 1276 is
998 1214 1076 1298 ipse,
1092 1213 1146 1299 qui
1160 1233 1274 1276 ornnes
1288 1210 1428 1296 ρῑωαω
1443 1211 1471 1271 in

182 1323 246 1387 suis
268 1322 377 1386 orbitis
399 1322 537 1385 continet
546 1346 555 1398 ;
579 1322 658 1386 alter
679 1320 754 1385 verb
777 1321 901 1385 Lunam
917 1319 1123 1396 circumdans,
1143 1321 1202 1383 etsi
1216 1321 1285 1405 ejus
1300 1319 1346 1381 vis
1361 1318 1423 1381 nisi
1443 1318 1470 1379 in

180 1443 258 1492 aestu
273 1429 368 1492 maris
383 1450 448 1492 non
463 1429 603 1506 sentitur,
626 1442 730 1493 tamen
745 1429 812 1493 sine
827 1427 889 1492 ulli
912 1427 1107 1493 haesitatione
1122 1427 1246 1491 admitti
1266 1440 1383 1512 potest,
1405 1425 1469 1491 cim

182 1537 267 1602 certb
293 1551 413 1602 constet
443 1539 586 1616 Terram,
617 1540 729 1604 Jovem
757 1561 794 1601 ac
826 1540 996 1603 Saturnum
1022 1537 1173 1601 similibus
1204 1536 1381 1601 vorticibus
1410 1558 1470 1600 ecee

184 1644 311 1721 cinctos,
335 1643 419 1708 unde
441 1645 593 1731 ejusmodi
607 1647 739 1710 vortices
761 1644 839 1709 nulli
861 1646 990 1709 omnino
1004 1645 1128 1730 corpori
1148 1643 1315 1708 mundano
1328 1641 1469 1731 denegari

182 1774 273 1836 posse
287 1750 441 1816 videntur.
488 1752 617 1817 Parcids
632 1753 757 1839 quidem
777 1752 829 1816 hic
843 1753 1005 1816 materiam
1019 1753 1059 1816 de
1075 1752 1246 1816 vorticibus
1263 1752 1467 1825 tractavimus

181 1860 301 1922 etiamsi
316 1860 348 1920 in
363 1858 423 1921 illis
438 1881 543 1923 veram
557 1859 652 1924 restris
666 1861 760 1924 maris
776 1883 901 1924 causam
916 1882 1087 1945 ponamus3
1113 1859 1174 1924 hoc
1188 1873 1299 1924 autem
1314 1859 1356 1924 de
1371 1859 1467 1923 indus

184 1966 242 2030 trit
258 1965 397 2044 fecimus,
412 1964 484 2030 edm
498 1967 559 2031 hoo
573 1981 791 2056 argumentum
800 1970 867 2054 jam
882 1969 972 2033 toties
985 1971 1024 2033 ait
1035 1982 1201 2033 uacuum
1213 1991 1252 2033 ac
1263 1967 1331 2033 ferd
1343 1968 1465 2034 abac*

183 2088 248 2139 tum
260 2099 269 2150 ;
291 2097 392 2162 neque
413 2076 504 2140 nobis
525 2078 714 2164 persuadere
736 2101 911 2164 possumus,
935 2080 962 2143 si
985 2078 1044 2143 hic
1066 2079 1229 2142 occasione
1247 2076 1466 2143 doctrinamde

184 2186 352 2250 vorticibus
367 2187 462 2250 etiam
476 2187 597 2266 melius,
614 2211 708 2275 quam
722 2190 892 2253 etiamnum
906 2214 925 2253 a
935 2211 1093 2277 quoquam
1107 2188 1299 2268 estfactum,
1315 2187 1464 2274 expedire·

187 2314 266 2371 mus,
283 2294 408 2358 obeam
424 2318 490 2359 rem
505 2297 670 2381 praemium
685 2296 774 2361 nobis
790 2297 940 2361 tributum
956 2297 1003 2360 iri.

745 2593 912 2614 ΜὈΜἈ

591 2823 767 2900 CAPUT
793 2823 1069 2902 OCTAVUM.

213 3033 275 3103 Dc
294 3032 420 3106 AEsttis
439 3034 561 3106 Muris
571 3037 838 3128 perturbatione
854 3063 876 3108 u
898 3038 1020 3111 Terris
1036 3062 1078 3111 oc
1095 3039 1270 3111 littoribus
1287 3035 1431 3112 oriundi

184 3286 207 3363 5.
228 3292 298 3346 112.
325 3249 364 3340 P
366 3305 564 3351 crevanturus
587 3288 712 3352 tandem
736 3289 774 3353 ad
800 3292 938 3354 ultimam
962 3306 1078 3354 nostrae
1098 3291 1324 3378 disquisitionis
1343 3307 1448 3378 paam

184 3388 428 3474 quae'praecipua
443 3407 498 3470 est,
523 3395 554 3457 in
570 3394 631 3480 quir
648 3395 801 3459 theoriam
817 3400 989 3482 exposiurm
1007 3400 1046 3461 ad
1062 3413 1175 3461 statum
1194 3400 1342 3477 Telluris,
1364 3402 1450 3482 inqu

184 3497 289 3559 reveri
313 3499 477 3580 reperitur,
502 3500 609 3564 debito
632 3503 727 3566 modo
749 3506 1063 3569 accommodabimus.
1111 3506 1280 3570 Hactenus
1294 3509 1379 3580 enim,
1399 3501 1447 3589 qul)

185 3601 283 3665 ardua
304 3605 362 3667 ista
378 3606 553 3691 disquisitio
568 3609 687 3673 facilior
703 3613 887 3676 redderetur
902 3614 941 3677 ab
956 3614 1101 3677 omuibus
1117 3617 1352 3682 circumstantiis
1366 3627 1448 3677 exter·

183 3711 231 3772 nis
246 3713 359 3796 quibus
374 3714 502 3780 effectus
517 3741 536 3780 a
551 3720 668 3784 viribus
686 3722 768 3785 Solis
783 3745 819 3786 ac
840 3723 940 3786 Lunae
956 3724 1095 3788 oriundis
1112 3728 1159 3788 vel
1176 3729 1297 3793 turbari
1310 3726 1353 3791 vel
1368 3724 1448 3788 deter-

184 3818 303 3882 minatu
329 3820 517 3887 difficiliores
548 3826 637 3890 reddi
670 3843 807 3912 possent,
840 3831 1058 3917 cogitationem
1089 3832 1310 3898 abstraximus.
1367 3824 1448 3897 l'rlml

183 3929 299 3994 scilicet
318 3954 382 3994 non
405 3934 504 3997 solum
522 3949 619 4000 totam
635 3937 768 4001 Terram
784 3961 824 4001 ex
840 3940 919 4025 aquai
936 3941 1100 4003 conflatam
1116 3944 1290 4026 posuimus,
1314 3943 1366 4008 sed
1380 3941 1446 4005 etiam

184 4037 328 4103 inertiam
350 4065 440 4128 aquoe
462 4059 567 4109 mente
590 4047 780 4124 sustulimus,
805 4065 839 4112 ut
861 4049 899 4112 ed
921 4052 1083 4133 pauciores
1101 4074 1148 4114 res
1172 4052 1204 4114 in
1220 4067 1397 4138 computum
1407 4046 1447 4109 dt·
1498 4126 1500 4135 Ι

182 4147 290 4210 cendae
305 4169 513 4235 superessent.
558 4154 685 4218 Deinde
701 4158 821 4222 inertiae
837 4159 963 4245 quidem
980 4158 1144 4222 habuimus
1160 4161 1325 4238 rationem,
1341 4175 1444 4243 acpw
1498 4194 1500 4252 3

183 4253 329 4319 cedentes
352 4259 625 4324 determinationes
647 4262 753 4327 debito
773 4266 868 4329 modo
884 4267 1087 4343 correximus,
1106 4266 1213 4331 verdm
1228 4283 1327 4332 totam
1344 4269 1447 4333 Tema
1498 4281 1500 4308 ¹

182 4361 260 4446 aquia
283 4366 485 4454 undiquaque
508 4370 726 4434 circumfusam
748 4375 959 4450 assumsimus,
987 4398 1040 4437 seu
1064 4374 1234 4437 etiamnum
1262 4374 1449 4440 anomalus·

183 4467 292 4533 Terris
309 4473 513 4559 negleximus.
560 4478 654 4543 Nunc
670 4481 773 4565 itaque
789 4496 895 4544 nostra
911 4479 1032 4544 theoria
1047 4478 1085 4542 ed
1100 4494 1147 4542 est
1162 4480 1325 4564 perducta,
1349 4471 1450 4545 utnihl
1498 4531 1500 4550 .

181 4576 313 4660 ampliris
340 4581 474 4666 adjicere
499 4609 624 4652 necesse
645 4589 735 4666 foret,
760 4592 785 4653 si
808 4591 935 4676 quidem
957 4605 1051 4652 aestus
1074 4591 1168 4652 maris
1191 4614 1210 4654 a
1233 4591 1344 4655 Terris
1365 4586 1453 4655 littori·

180 4682 302 4769 busque
319 4689 505 4755 sensibiliter
521 4717 585 4756 non
599 4697 774 4761 afficeretur
783 4723 792 4774 ;
815 4700 875 4760 nisi
899 4697 977 4760 forte
999 4698 1164 4760 anomaliae
1180 4699 1326 4784 quiedam
1342 4724 1362 4764 a
1376 4695 1456 4762 sends

181 4790 323 4854 oriunda
346 4801 583 4863 commemorari
598 4801 757 4880 deberent,
782 4828 852 4889 qua·
868 4819 971 4867 autem
990 4818 1075 4868 motu
1092 4829 1181 4889 aquae
1204 4827 1371 4891 perspecto
1386 4803 1458 4870 tacite
