3330 5692
111 616 409 699 LmaaTnnrrus.]
434 621 678 689 PRINCIPIA
701 625 1070 692 MATHEMATICA.
1326 639 1384 701 187

106 803 179 874 post
206 790 301 879 longa
329 805 505 879 temporum
535 797 696 862 intervalla
724 799 932 877 redeuntium,
970 800 1205 865 determinanda
1233 802 1383 889 relinquo.

105 897 228 965 Interea
243 899 317 965 huic
331 901 456 987 negotio
473 902 650 987 Propositio
666 926 800 991 sequens
814 906 920 970 lumen
936 907 1104 971 accendere
1118 919 1229 991 potest.

330 1128 614 1198 PROPOSITIO
637 1133 749 1199 XLII.
797 1135 1056 1201 PROBLEMA
1079 1135 1196 1201 XXII.

398 1336 555 1400 Inventam
568 1350 685 1402 cometoe
704 1340 907 1424 trajectoriam
923 1346 1080 1426 corrigere.

147 1523 292 1606 Operatio
317 1531 346 1588 l.
378 1523 565 1589 Assumatur
584 1528 697 1611 positio
722 1529 808 1614 plani
832 1532 1026 1616 trajectoriae,
1049 1553 1106 1616 per
1134 1531 1382 1616 Propositionem

102 1634 295 1718 superiorem
308 1634 453 1711 inventa;
477 1649 508 1700 et
523 1637 691 1724 seligantur
705 1640 765 1704 tria
785 1641 854 1705 loca
868 1655 998 1706 cometae
1012 1641 1277 1707 observationibus
1291 1664 1381 1706 accu-

99 1747 257 1811 ratissimis
273 1746 410 1824 definita,
427 1761 458 1812 et
473 1749 513 1812 ab
527 1750 659 1814 invicem
670 1750 900 1837 qudmmaximd
916 1734 1061 1816 distantia
1070 1776 1079 1827 ;
1098 1753 1198 1839 sitque
1215 1754 1244 1816 A
1259 1766 1382 1836 tempus

99 1858 181 1920 inter
209 1857 342 1941 primam
371 1870 402 1921 et
431 1859 609 1937 secundam,
635 1883 670 1924 ac
696 1862 724 1925 B
748 1874 870 1945 tempus
886 1862 976 1925 inter
1001 1861 1168 1925 secundam
1192 1883 1228 1925 ac
1249 1861 1380 1924 tertiam.

104 1966 267 2031 Cometam
281 1982 386 2033 autem
401 1970 435 2032 in
449 1993 558 2034 eorum
573 1971 677 2057 aliquo
699 1969 737 2055 (¹)
753 1972 786 2034 in
800 1973 938 2058 perigaeo
952 1951 1068 2034 versari
1084 1972 1236 2049 convenit,
1260 1971 1308 2034 vel
1322 1972 1383 2035 sal·

100 2090 165 2141 tem
179 2099 244 2140 non
258 2076 352 2164 longe
367 2102 386 2141 a
400 2080 539 2166 perigaeo
554 2080 669 2144 abesse.
716 2080 748 2165 (¹)
766 2081 817 2144 Ex
832 2080 880 2144 his
895 2080 970 2145 locis
986 2083 1205 2167 apparentibus
1223 2082 1382 2146 invenian-

99 2198 161 2261 tur,
184 2208 242 2269 per
263 2187 459 2270 operationes
481 2189 757 2275 trigonometricas,
780 2189 850 2253 loca
864 2192 925 2254 tria
939 2214 1012 2255 vera
1026 2204 1155 2256 cometae
1176 2193 1209 2254 in
1224 2205 1382 2275 assumpto

102 2291 158 2355 illo
171 2292 266 2376 plano
281 2294 474 2379 trajectoriae.
519 2294 645 2360 Deinde
667 2317 723 2380 per
738 2296 807 2359 loca
821 2297 875 2360 illa
889 2299 1023 2375 inventa,
1047 2300 1130 2363 circa
1144 2312 1285 2362 centrum
1302 2299 1382 2365 Solis

102 2422 159 2464 ceu
180 2401 373 2478 umbilicum,
396 2424 452 2485 per
473 2402 667 2486 operationes
690 2402 908 2481 arithmeticas,
932 2427 991 2488 ope
1015 2404 1110 2489 Prop.
1135 2405 1234 2469 XXI.
1258 2405 1330 2470 Lib.
1354 2405 1380 2468 I.

99 2506 266 2585 institutas,
291 2508 484 2571 describatur
505 2509 600 2572 sectio
621 2508 748 2572 conica:
772 2510 819 2593 (¹¹¹)
842 2523 873 2574 et
894 2512 958 2595 ejus
981 2533 1071 2588 arete,
1096 2511 1190 2574 radiis
1212 2534 1231 2574 a
1255 2510 1327 2575 Sole
1342 2511 1383 2575 ad

98 2617 169 2682 loca
183 2619 309 2683 inventa
324 2620 424 2684 ductis
439 2619 621 2696 terminata,
644 2631 738 2683 sunto
753 2619 786 2684 D
803 2633 834 2684 ct
849 2620 888 2697 E,
911 2642 1023 2705 nempe
1039 2620 1072 2685 D
1088 2642 1160 2684 area
1181 2621 1262 2684 inter
1276 2621 1382 2684 obser·

100 2729 256 2793 rationem
280 2729 414 2813 primam
441 2740 472 2793 et
497 2729 675 2806 secundam,
702 2743 733 2793 et
757 2729 786 2793 E
811 2752 884 2795 area
903 2731 986 2814 inter
1006 2732 1174 2797 secundam
1191 2754 1228 2796 ac
1248 2731 1381 2824 tertiam.

100 2835 208 2921 Sitque
232 2834 264 2900 T
285 2850 408 2921 tempus
430 2849 540 2914 totum,
564 2860 627 2923 quo
649 2859 720 2901 area
741 2850 806 2902 tota
829 2840 862 2903 D
883 2849 915 2915 4-
937 2840 966 2903 Ε
988 2840 1149 2904 velocitate
1174 2851 1303 2903 cometae
1326 2860 1383 2923 per

99 2944 196 3029 Prop.
213 2944 308 3009 XVI.
326 2945 397 3009 Lib.
414 2945 440 3009 I.
456 2947 582 3010 inventa
596 2945 729 3010 describi
744 2946 844 3010 debet

145 3052 237 3136 Oper.
254 3061 284 3118 2.
308 3055 471 3141 Augeatur
488 3054 528 3139 (¹¹)
544 3053 708 3142 longitudo
722 3053 877 3118 nodorum
890 3055 977 3140 plani
991 3055 1192 3141 trajectoriae3
1216 3054 1328 3119 additis
1343 3055 1384 3118 ad

94 3163 323 3251 longitudinem
344 3165 429 3228 illam
452 3168 513 3230 20‘.
529 3165 578 3229 vel
595 3167 654 3229 30'.
671 3186 741 3251 quae
759 3164 902 3228 dicantur
924 3164 968 3240 P;
991 3178 1022 3229 et
1035 3179 1173 3229 servetur
1193 3164 1279 3249 plani
1301 3163 1383 3228 illius

98 3270 259 3335 inclinatio
274 3271 315 3335 ad
328 3272 457 3357 planum
471 3273 630 3357 eclipticae.
677 3271 802 3337 Deinde
819 3295 859 3335 ex
873 3272 1030 3357 proedictis
1045 3272 1143 3335 tribus
1159 3283 1288 3335 cometa
1307 3270 1383 3334 locis

94 3379 275 3458 observatis,
306 3381 503 3446 inveniantur
531 3383 564 3445 in
592 3380 653 3446 hoc
682 3403 765 3444 novo
793 3380 888 3465 plano
917 3380 988 3443 loca
1013 3381 1073 3443 tria
1098 3402 1180 3456 vera,
1208 3392 1243 3443 ut
1268 3376 1380 3462 supra:

97 3489 212 3554 deinde
235 3491 330 3555 etiam
350 3491 435 3555 orbis
456 3512 513 3575 per
534 3491 603 3554 loca
624 3491 675 3554 illa
690 3490 851 3567 transiens,
869 3490 906 3573 (⁰)
922 3500 954 3553 et
968 3488 1105 3574 ejusdem
1120 3509 1202 3551 areae
1216 3487 1287 3550 duae
1302 3488 1383 3549 inter

127 3661 164 3726 (l)
178 3666 190 3693 ⁶
204 3666 235 3712 In
248 3666 346 3725 porigoeo
362 3666 448 3711 vasari
462 3667 572 3712 conuenit.
609 3664 723 3711 Versante
755 3678 834 3711 aream
849 3662 910 3710 inter
920 3663 1102 3711 matonam
1113 3661 1238 3710 secundam
1250 3670 1273 3708 et
1283 3659 1381 3714 tertiam,

94 3727 158 3773 enim
169 3738 259 3774 cometa
274 3729 300 3774 ln
316 3727 464 3791 perigrsovel
475 3728 557 3775 saltem
568 3743 615 3774 non
627 3726 724 3790 longia
755 3727 779 3774 id
798 3739 839 3783 est,
857 3738 885 3774 ut
905 3727 931 3775 D
950 3727 980 3774 sti
1000 3727 1041 3785 E;
1057 3726 1137 3775 eadem
1154 3741 1247 3788 quoque
1265 3725 1309 3771 erit
1325 3723 1383 3770 ratio

93 3792 202 3852 pengaeo,
215 3791 279 3838 illius
289 3803 368 3839 motus
378 3792 453 3855 magis
462 3791 569 3840 securatd
579 3792 696 3839 definitur.
755 3791 816 3838 inter
831 3803 936 3852 tempora
950 3791 1036 3854 quibus
1051 3808 1110 3839 area
1125 3790 1172 3837 illa
1182 3789 1252 3838 radiis
1262 3788 1292 3835 cd
1304 3787 1382 3836 Solem

127 3855 158 3919 (¹)
171 3861 184 3885 ⁹
198 3858 282 3904 Eritis
297 3858 350 3904 locs'r
365 3859 534 3918 apparatibus.
571 3856 723 3903 Inveniemur
755 3855 832 3903 ductis
842 3855 1007 3903 describentur.
1043 3856 1079 3904 Sit
1091 3856 1115 3908 S.
1126 3865 1219 3914 tempus
1229 3869 1308 3900 verum
1322 3851 1383 3898 inter

93 3935 135 3979 per
155 3920 300 3978 operationes
320 3920 519 3982 trigonometricas
541 3923 580 3983 (ut
600 3921 625 3966 iu
648 3919 720 3980 Prop.
755 3919 935 3967 observationem
946 3920 1046 3980 primam
1056 3931 1080 3967 et
1090 3919 1187 3966 tertium.
1222 3919 1247 3965 st
1258 3915 1383 3977 reperiatur

93 3983 206 4044 prmed.)
218 3984 270 4032 loca
280 3984 324 4031 tria
335 4000 389 4032 vers
398 3995 496 4032 cometas
511 3984 536 4030 in
548 3994 667 4044 assumpto
681 3983 725 4030 illo
758 3985 824 4032 'I’=
841 3984 865 4041 S,
884 3993 908 4031 et
928 3984 952 4032 G
962 4004 997 4030 =
1011 3985 1038 4041 C,
1058 3984 1150 4031 iuventa
1167 3982 1230 4042 plani
1248 3979 1383 4043 trajectorioe

96 4047 168 4107 plano
179 4048 315 4111 trajectense
326 4058 436 4111 tanquam
447 4059 562 4105 accurato,
574 4049 618 4094 hoc
629 4058 670 4104 est,
687 4049 723 4094 in·
756 4049 840 4109 positio
851 4064 904 4096 vera
913 4049 957 4095 erit
966 4058 990 4096 et
1004 4058 1117 4102 accurata,
1134 4047 1199 4093 nulli
1214 4045 1322 4119 indigens
1332 4058 1383 4090 cor·

93 4112 217 4158 veniuntur
228 4113 272 4159 tria
282 4112 346 4173 prius
356 4113 447 4160 deliniti
458 4112 522 4173 plsni
539 4122 626 4173 punctu
636 4112 660 4159 in
671 4112 723 4175 qui·
757 4113 865 4159 rectione.
898 4112 940 4160 Sin
950 4112 1022 4166 aliter,
1033 4112 1077 4159 erit
1088 4113 1112 4160 T
1120 4137 1154 4150 -
1166 4112 1190 4166 S,
1207 4125 1270 4157 error
1285 4123 1310 4154 ιιι
1323 4119 1383 4154 tem-

92 4177 138 4223 bus
147 4187 239 4223 cometa
248 4176 346 4224 eandem
358 4177 529 4240 longitudinem
541 4192 568 4224 ac
579 4175 724 4224 latitudinem
758 4192 814 4237 pore
825 4185 873 4224 toto
883 4176 943 4223 inter
953 4176 1133 4223 observatittnem
1150 4177 1248 4236 primam
1258 4183 1282 4220 et
1292 4171 1384 4220 testim

92 4239 206 4287 obtineret
217 4257 289 4303 quarn
300 4240 380 4288 reveni
390 4243 475 4289 babere
486 4243 627 4288 observatur.
758 4252 829 4297 ortus,
852 4241 963 4287 nlmirum
982 4254 1011 4287 ex
1029 4240 1142 4301 positione
1163 4238 1226 4300 plani
1248 4237 1383 4299 trajectorioe

127 4302 168 4365 (¹⁰)
187 4307 199 4334 ⁶
218 4306 280 4368 Ejus
291 4322 359 4354 area.
396 4305 434 4353 Ex
454 4304 510 4353 dati
528 4316 624 4352 comeue
643 4303 726 4352 semitis
758 4306 838 4351 mInus
848 4304 963 4361 secanti,
975 4315 998 4352 et
1011 4304 1034 4352 G
1045 4331 1075 4342 -
1090 4306 1118 4360 C,
1135 4303 1179 4351 erit
1189 4317 1252 4350 error
1261 4317 1290 4348 ex
1301 4298 1383 4348 eidem

328 4368 726 4433 ΗΜ
759 4364 1384 4492 transt*

92 4506 184 4543 cometa
200 4450 277 4545 illidiiq
282 4445 395 4550 decemplbit.
415 4467 515 4560 ldet‘rque
526 4498 619 4545 dabitur
633 4449 726 4557 remiis
759 4449 909 4544 servationem
921 4496 1046 4544 secundam
1057 4507 1081 4543 et
1091 4465 1188 4550 tertiam,
1201 4505 1228 4542 ut
1238 4505 1316 4556 paren
1327 4507 1383 4540 nam

91 4574 141 4620 quo
157 4573 247 4608 comma
263 4577 328 4610 areas
339 4562 398 4610 duas
411 4562 461 4624 jam
478 4563 584 4609 Inventas
603 4560 722 4621 percurrit.
758 4562 783 4606 in
792 4571 952 4623 utroquecttsu
961 4561 1039 4607 unitas
1044 4571 1169 4621 usurpatur
1176 4574 1218 4622 pro
1229 4567 1384 4622 conuqumte

93 4623 200 4683 Tempus
220 4625 280 4672 illud
301 4636 378 4674 totum
399 4625 492 4673 ditatur
518 4626 547 4682 T,
576 4626 726 4687 capiaturque
758 4625 853 4672 rationis
863 4625 923 4671 inter
933 4625 988 4672 bina
997 4635 1108 4685 tempora.

91 4701 206 4734 numerus
218 4690 245 4743 C.
258 4690 299 4752 qui
310 4691 339 4737 sit
351 4690 379 4737 sd
394 4695 414 4744 l,
433 4701 460 4737 ut
471 4701 564 4749 tempus
578 4691 639 4737 Inter
649 4691 725 4736 obser-
790 4689 825 4751 (¹²)
844 4694 857 4719 ·
876 4690 1007 4751 Longr'tudo
1029 4692 1151 4747 notionem,
1173 4703 1215 4749 per
1236 4703 1302 4735 num.
1328 4691 1381 4736 145·

91 4750 208 4799 rationem
225 4753 324 4813 primam
335 4765 359 4802 et
369 4754 497 4802 mundam
512 4754 541 4800 sd
557 4765 650 4813 ternpus
666 4754 726 4799 luter
760 4753 859 4799 inventa.

90 4816 275 4863 mationem
287 4817 415 4865 secundm
428 4829 451 4865 et
462 4818 562 4874 tertiam,
581 4819 625 4864 boc
641 4827 682 4873 est,
699 4828 727 4863 ut
791 4817 824 4880 (ο)
839 4821 851 4847 ⁹
865 4818 898 4864 Et
909 4817 1011 4877 pardem
1022 4833 1082 4866 orca
1092 4819 1152 4866 dssae·
1187 4816 1308 4864 flammae
1321 4827 1384 4860 ares-

93 4883 119 4926 Δ
136 4879 166 4926 ad
184 4880 211 4926 B.
248 4881 359 4928 Sumatur
375 4881 488 4942 pretered
504 4881 568 4929 Gsd
587 4887 607 4938 l,
624 4891 652 4927 ut
668 4895 727 4928 arem
759 4895 812 4927 rum
837 4880 897 4927 luter
918 4881 1143 4930 uesobserrttioaes
1163 4879 1233 4929 radiis
1254 4879 1284 4926 ad
1306 4876 1383 4924 sotem

90 4952 154 4988 mter
174 4945 357 4992 observmionem
380 4946 481 5006 primam
505 4958 529 4994 et
550 4943 676 4994 secundam
697 4943 727 4992 ad
760 4943 836 4993 ductis
846 4943 1012 5008 descriptarum
1023 4946 1081 4996 tutio
1091 4946 1122 4994 sit
1132 4954 1158 4992 ut
1168 4945 1231 5009 μᾶ
1245 4942 1382 5004 13sitqueb

127 5029 187 5076 Vot..
203 5031 230 5080 ll
272 5031 339 5080 Pars
351 5031 388 5079 II.
712 5023 759 5071 0⁰
