3330 5692
450 632 640 705 FLUXUS
663 638 723 704 Ac
750 637 1006 705 REFLUXUS
1031 640 1191 706 MARIS.
1401 649 1463 710 287

175 801 281 890 ipsum
293 807 455 873 meridiem
470 809 603 885 incidat3
627 812 696 893 ipso
711 833 836 896 quoque
851 811 991 875 meridiei
1011 824 1171 876 momento
1185 814 1321 876 maxima
1336 813 1464 879 babebi-

176 930 229 978 tur
245 939 333 1002 aqute
347 917 500 994 elevati03
520 918 698 1004 pariterque
713 919 738 982 si
760 920 793 983 id
808 920 930 984 eveniat
944 920 1045 984 medii
1062 933 1163 997 nocte,
1188 921 1298 984 eodem
1313 923 1383 1007 ipso
1396 946 1464 986 mo-

173 1040 280 1091 mento
301 1050 383 1114 aqua
403 1029 574 1093 maximam
596 1030 750 1094 obtinebit
770 1031 983 1094 elevationem.
1030 1029 1149 1094 Verdm
1166 1031 1193 1094 si
1215 1033 1393 1115 conjunctio
1414 1035 1462 1097 vel

172 1140 330 1223 oppositio
351 1140 551 1204 luminarium
574 1142 736 1206 meridiem
762 1142 810 1205 vel
835 1141 994 1226 praecedat
1017 1141 1065 1204 vel
1088 1154 1245 1226 sequatur,
1269 1153 1336 1204 tum
1359 1143 1463 1206 fluxus

170 1269 235 1310 non
257 1248 291 1310 in
312 1249 419 1332 ipsum
440 1250 602 1314 meridiem
624 1250 750 1327 incidet,
774 1250 829 1314 sed
851 1235 900 1314 vel
919 1248 1038 1314 tardius
1062 1250 1111 1313 vel
1137 1248 1227 1313 citius
1251 1251 1362 1328 veniet,
1390 1253 1463 1338 quia

172 1353 267 1418 Luna
289 1355 339 1418 his
362 1355 485 1419 casibus
508 1371 655 1442 tanquam
676 1357 824 1441 primaria
844 1357 939 1422 restris
954 1381 1048 1422 causa
1064 1358 1113 1421 vel
1133 1370 1205 1441 post
1220 1357 1268 1420 vel
1282 1371 1355 1421 ante
1370 1361 1462 1423 meri-

171 1460 254 1525 diem
278 1461 320 1525 ad
343 1454 550 1527 meridianum
575 1465 732 1552 pertingit
779 1466 884 1551 Atque
899 1465 974 1528 hinc
989 1488 1027 1530 eo
1043 1464 1103 1542 die,
1127 1466 1160 1526 in
1176 1487 1270 1550 quem
1284 1467 1347 1529 sive
1362 1467 1461 1551 pleni·

170 1571 293 1635 lunium
308 1573 373 1636 sive
388 1574 582 1637 novilunium
597 1574 715 1651 incidit,
731 1574 820 1638 facile
834 1576 950 1658 poterit
965 1574 1088 1638 definiri
1103 1573 1286 1637 acceleratio
1300 1574 1350 1636 vel
1364 1589 1461 1640 retar·
1531 1628 1536 1641 .

171 1677 258 1742 datio
282 1679 386 1742 dumis
412 1676 555 1764 respectu
577 1681 728 1746 meridiei.
785 1682 943 1745 Ponamus
965 1682 1048 1745 enim
1070 1680 1264 1744 novilunium
1286 1704 1341 1744 seu
1361 1683 1461 1766 pleni·

170 1787 292 1851 lunium
307 1788 459 1852 celebrari
474 1813 496 1852 n
511 1790 597 1853 horis
612 1805 684 1854 ante
699 1791 870 1869 meridiem,
888 1791 971 1855 unde
985 1790 1056 1855 crim
1072 1805 1175 1855 motus
1191 1791 1293 1855 Lunae
1307 1794 1428 1859 medius
1442 1821 1461 1858 n

171 1898 244 1962 Sole
260 1898 391 1963 diurnus
407 1901 447 1963 sit
465 1909 527 1963 12⁰.
544 1900 676 1977 circiter,
701 1902 769 1984 ipso
784 1901 913 1964 meridie
929 1900 1022 1964 Luna
1036 1924 1055 1963 a
1071 1900 1243 1964 meridiano
1253 1903 1318 1986 jam
1334 1903 1461 1968 distabit

169 2046 287 2134 angulo
306 2048 432 2112 horario
449 2032 592 2175 {grad
609 2048 716 2113 versirs
738 2063 851 2127 ortum,
876 2072 915 2113 ex
934 2073 996 2135 quo
1020 2050 1113 2114 Luna
1134 2032 1210 2135 post
1229 2052 1389 2115 meridiem
1406 2053 1460 2116 de·

169 2281 256 2323 mum
270 2281 328 2344 per
343 2261 549 2325 meridianum
563 2262 716 2338 transibit,
734 2261 845 2344 elapsis
864 2246 905 2390 db
920 2260 1008 2324 horis
1032 2284 1086 2325 seu
1109 2271 1161 2325 211
1195 2263 1323 2327 minutis
1340 2264 1458 2347 primis.

171 2433 226 2496 Sin
242 2445 349 2496 autem
364 2433 555 2496 novilunium
571 2434 817 2523 pleniluniumve
833 2433 954 2497 accidat
968 2456 990 2495 n
1005 2433 1090 2496 horis
1112 2448 1184 2517 post
1198 2435 1369 2513 meridiem,
1393 2453 1460 2501 tum

170 2541 266 2603 maris
281 2541 418 2603 maxima
439 2541 570 2605 elevatio
593 2549 650 2603 2n
673 2542 800 2604 minutis
814 2554 885 2603 ante
904 2540 1066 2604 meridiem
1081 2542 1210 2606 eveniet
1257 2543 1340 2608 Haec
1355 2559 1459 2609 autem

169 2663 328 2714 momenta
342 2649 571 2714 accuratissime
587 2662 824 2736 cognoscentur,
849 2650 875 2711 si
895 2648 935 2711 ad
951 2649 1089 2736 singulos
1105 2649 1170 2712 dies
1186 2651 1333 2715 transitus
1357 2653 1459 2717 Lunae

167 2782 226 2844 per
240 2760 448 2824 meridianum
463 2773 700 2846 computentur3
723 2782 760 2823 ac
773 2771 926 2842 proeterea
940 2772 1003 2821 tam
1017 2744 1103 2821 ortus
1119 2757 1212 2844 qudm
1227 2782 1355 2824 occasus
1370 2775 1459 2826 note-

166 2881 230 2943 tur,
255 2867 372 2951 quippe
394 2866 508 2953 quibus
530 2865 694 2929 momentis
716 2864 853 2927 maxima
872 2884 962 2948 aquae
977 2862 1137 2947 depressio
1153 2864 1338 2947 respondet3
1362 2868 1459 2950 majo-

166 2998 236 3040 rem
261 2989 367 3039 autem
390 2975 570 3060 hujusmodi
595 2975 700 3040 tabula
726 2973 833 3037 afferet
859 2973 1031 3051 utilitatem,
1060 2975 1086 3038 si
1111 2975 1239 3060 insuper
1268 2977 1377 3062 quovis
1407 2977 1458 3040 die

164 3085 316 3149 distantia
331 3085 432 3149 Lunae
447 3109 466 3148 a
482 3084 581 3148 Terris
604 3084 779 3159 inducetur,
796 3082 912 3168 quippe
928 3108 946 3146 a
961 3082 1020 3168 quir
1038 3083 1140 3147 Lunae
1155 3084 1282 3148 effectus
1297 3085 1458 3170 praecipue

164 3193 297 3279 pendet
1459 3270 1461 3274 λ

208 3309 235 3387 ᾗ,
251 3313 306 3369 60.
331 3304 519 3390 Congruunt
541 3303 609 3366 haec
626 3306 693 3389 jam
708 3301 849 3389 apprime
865 3325 935 3365 cum
951 3301 1232 3379 observationibus
1256 3303 1369 3389 quibus
1385 3325 1459 3366 con·

164 3428 241 3492 stat,
257 3413 367 3477 diebus
382 3413 533 3476 novilunii
548 3414 596 3476 vel
618 3413 780 3496 plenilunii
801 3425 912 3475 aestum
928 3411 1022 3474 maris
1037 3411 1204 3475 accelerari
1219 3413 1245 3475 si
1265 3411 1460 3474 novilunium

164 3523 414 3610 pleniluniumve
436 3535 508 3607 post
531 3521 692 3584 meridiem
717 3519 847 3596 accidat,
873 3517 982 3582 contrd
1001 3517 1076 3582 verb
1099 3519 1260 3583 retardari.
1307 3517 1459 3593 Quamvis

164 3635 251 3698 enim
266 3634 309 3696 ob
331 3652 420 3718 aquae
442 3632 584 3695 inertiam
607 3631 744 3694 maxima
766 3628 860 3691 maris
880 3629 1012 3692 elevatio
1032 3651 1096 3691 non
1112 3628 1301 3712 respondeat
1314 3627 1459 3711 appulsui

164 3742 269 3806 Lunae
286 3739 326 3803 ad
340 3739 556 3815 meridianum,
573 3737 627 3801 sed
643 3736 765 3801 tardiris
779 3737 909 3812 eveniat,
922 3737 967 3799 uti
982 3749 1054 3819 post
1069 3736 1241 3811 docebitur,
1259 3748 1361 3798 tamen
1374 3734 1459 3797 simi·

164 3853 247 3916 libus
263 3850 387 3913 casibus
402 3849 562 3935 aequaliter
578 3846 803 3922 retardabitur3
826 3868 885 3929 pro
900 3846 1034 3909 termino
1050 3845 1145 3931 igitur
1160 3831 1235 3920 fixo,
1253 3845 1278 3905 si
1298 3842 1338 3906 ad
1353 3842 1459 3905 obser·

164 3964 305 4027 vationes
322 3962 513 4044 respiciatur,
530 3981 595 4022 non
610 3960 690 4021 sumi
705 3959 798 4023 debet
813 3973 1006 4023 momentum
1021 3959 1172 4035 meridiei,
1190 3958 1244 4022 sed
1267 3957 1300 4020 id
1318 3979 1458 4020 momen-

164 4085 242 4146 tum,
267 4092 332 4155 quo
354 4070 380 4131 si
403 4068 505 4132 Lunae
521 4090 593 4130 cum
611 4068 684 4131 Sole
700 4069 878 4151 conjunctio
893 4068 942 4130 vel
957 4068 1113 4150 oppositio
1130 4067 1162 4128 in
1177 4067 1279 4152 ipsum
1294 4066 1457 4130 meridiem

164 4184 287 4260 incidit,
311 4205 431 4246 summa
454 4204 543 4267 aqum
566 4181 696 4243 elevatio
719 4180 910 4243 observatur.
957 4179 1032 4242 Hoc
1054 4178 1149 4265 igitur
1164 4191 1324 4242 momento
1339 4191 1455 4254 notato,

164 4294 207 4356 uti
223 4292 266 4354 ab
281 4291 319 4353 iis
334 4290 387 4375 qui
402 4288 583 4372 hujusmodi
598 4288 830 4351 observationes
845 4286 1011 4349 instituunt
1025 4286 1094 4348 fieri
1109 4285 1196 4362 solet,
1211 4286 1237 4346 si
1251 4284 1457 4368 plenilunium

166 4397 398 4461 noviluniumve
423 4395 471 4458 vel
494 4410 566 4458 ante
589 4394 637 4456 vel
660 4407 732 4477 post
753 4393 915 4456 meridiem
936 4392 1063 4468 incidat,
1080 4414 1202 4455 summa
1217 4392 1311 4454 maris
1326 4391 1456 4455 elevatio

165 4505 212 4569 vel
235 4501 358 4567 tardids
379 4503 428 4565 vel
451 4501 541 4564 citirls
564 4501 741 4587 continget:
766 4514 797 4561 et
813 4499 940 4584 quidem
955 4498 1080 4584 syzygia
1094 4520 1167 4560 vera
1182 4521 1204 4560 n
1219 4499 1305 4560 horis
1319 4499 1367 4562 vel
1383 4513 1456 4563 ante

164 4613 328 4678 meridiem
350 4612 472 4676 eveniat
493 4610 542 4674 vel
564 4624 646 4694 post,
671 4623 736 4673 tum
751 4609 855 4672 fluxus
879 4617 937 4671 211
958 4609 1086 4671 minutis
1101 4609 1150 4672 vel
1165 4609 1284 4673 tardids
1299 4611 1348 4674 vel
1365 4610 1455 4674 citids

164 4721 325 4787 observari
345 4719 480 4782 debebit.
527 4720 632 4803 Atque
648 4717 715 4780 baec
731 4730 777 4780 est
791 4740 828 4779 ea
850 4716 918 4799 ipsa
933 4714 1041 4801 regula
1056 4738 1149 4800 quam
1164 4716 1260 4780 celeb.
1279 4718 1401 4782 Cassini
1422 4719 1454 4779 in

164 4831 264 4895 Mem.
283 4827 463 4891 Academiae
488 4826 598 4910 Regiae
621 4846 679 4909 pro
697 4847 747 4887 an.
768 4831 859 4899 1710,
883 4844 923 4885 ex
939 4821 1175 4906 quamplurimis
1190 4824 1454 4888 observationibus

164 4945 247 5007 iuter
270 4962 305 5003 sc
327 4937 513 5021 comparatis
535 4935 703 5009 derivavit3
721 4933 812 5018 jubet
835 4931 952 4995 scilicet
973 4953 1138 4996 numerum
1160 4932 1317 5010 horarum,
1343 4931 1455 5016 quibus

785 5041 808 5088 X
828 5047 843 5087 2
