3330 5692
514 568 855 634 PHILOSOPHIAE
880 567 1156 633 NATURALIS
1201 568 1273 648 [Du
1291 567 1390 632 Mun.
1411 570 1507 634 Sasu.

334 924 678 1024 REGULAE
724 921 1372 1021 PHILOSOPHANDI.

769 1195 936 1219 mmm

683 1387 880 1455 nauum
907 1389 933 1454 1.
979 1393 1018 1476 (·)

200 1569 314 1632 Causas
329 1586 427 1626 rerum
449 1564 636 1625 naturalium
650 1584 711 1625 mom
720 1564 826 1645 plures
840 1566 964 1627 admitti
978 1564 1094 1641 debere,
1112 1561 1201 1648 quam
1216 1583 1284 1648 qua
1297 1571 1328 1626 et
1340 1582 1424 1627 verer
1435 1565 1499 1629 siut

477 1681 507 1734 et
521 1694 622 1734 earum
632 1673 837 1754 plamameuis
852 1675 1043 1755 explicandis
1056 1675 1217 1761 sufficiant.

199 1846 356 1942 Dicuttr
377 1867 485 1952 utique
507 1864 707 1951 philosophi:
733 1866 855 1930 Natura
876 1866 954 1929 nihil
979 1867 1046 1954 agit
1066 1865 1191 1944 frustra,
1208 1879 1240 1931 et
1254 1865 1372 1931 frustm
1385 1867 1424 1933 fit
1436 1890 1494 1954 per

193 1978 285 2064 plura
306 1974 392 2062 quod
407 1973 476 2037 fieri
490 1985 594 2056 potest
608 1995 665 2057 per
678 1974 837 2058 pauciora.
885 1974 1007 2038 Natura
1022 1975 1107 2037 enim
1129 1973 1263 2059 simplex
1276 1988 1325 2039 est
1337 1986 1371 2040 et
1385 1997 1493 2041 rerum

194 2085 295 2150 causis
311 2081 477 2166 superfluis
492 2101 557 2143 non
572 2079 721 2144 luxuriet.

710 2264 904 2331 REGULA
929 2265 975 2330 11.

192 2445 321 2527 ideaque
335 2442 486 2527 ffctrmm
496 2444 681 2504 naturalium
692 2440 819 2523 ejusdem
830 2443 953 2525 generis
967 2443 1075 2504 eadem
1089 2442 1284 2524 assignanda
1296 2452 1366 2507 erni
1379 2464 1488 2523 amaa,

666 2550 894 2634 preitemusfieri
901 2563 1011 2634 potest.

234 2736 293 2804 Uti
307 2735 520 2819 respirationis
534 2735 567 2797 in
582 2735 710 2799 homine
725 2749 757 2801 et
772 2737 804 2800 iu
820 2737 940 2813 bestii3
968 2737 1135 2802 descensus
1151 2734 1290 2821 lepidum
1305 2738 1338 2801 in
1356 2738 1486 2826 Europi

189 2859 224 2911 et
237 2846 271 2909 in
289 2843 454 2918 Americit;
477 2843 555 2908 lucis
569 2842 602 2907 in
617 2843 691 2930 igne
706 2844 837 2909 colinari
852 2846 931 2910 etin
948 2847 1041 2922 Sole3
1067 2844 1246 2910 reflexiouis
1259 2844 1337 2911 lucis
1352 2847 1386 2911 in
1403 2849 1487 2915 terri

187 2968 222 3017 et
235 2956 268 3016 in
282 2952 425 3036 planetis.

694 3137 888 3204 REGULA
914 3140 977 3205 111.

188 3328 363 3409 Qualitates
382 3344 536 3405 corporum
563 3343 630 3407 qua
652 3324 772 3386 intendi
797 3334 825 3387 et
847 3327 962 3389 remitti
983 3337 1141 3410 nequeumt,
1165 3346 1288 3410 quaque
1309 3329 1483 3410 corporibm

227 3431 360 3497 ommibus
373 3438 540 3511 comperient
556 3431 589 3492 iu
604 3429 710 3512 quibus
725 3433 929 3512 experimenta
945 3434 1102 3495 instituere
1116 3435 1195 3508 iicet,
1207 3453 1269 3515 pro
1282 3436 1484 3517 qualitatium

226 3559 380 3623 corporum
395 3538 598 3601 uniuersorum
613 3535 758 3600 labenda
771 3547 849 3601 mut.

227 3715 309 3778 Nam
332 3712 495 3800 qualitates
517 3731 685 3794 oorporum
705 3731 769 3773 non
783 3710 843 3773 nisi
859 3733 916 3794 per
931 3714 1146 3798 experimenta
1161 3713 1376 3790 innotescunt,
1393 3714 1484 3782 ideo-

182 3843 243 3907 que
268 3819 430 3909 generales
455 3816 629 3882 statuendae
655 3830 729 3881 sunt
755 3830 910 3903 quotquot
936 3841 1008 3884 cnm
1038 3820 1262 3904 experimentis
1287 3821 1484 3906 generaliter

214 3991 250 4055 (¹)
263 3998 301 4042 49.
316 3997 330 4023 a
350 3996 439 4056 Regius
452 3993 539 4056 prima.
575 3988 638 4035 Hae
653 3989 736 4050 regula
752 3987 812 4035 duas
844 3988 875 4037 ad
893 3990 1012 4038 veritam
1032 3992 1098 4039 noris
1119 3991 1285 4052 experimentis
1306 3992 1348 4039 ind
1397 3993 1481 4053 odam,

185 4059 357 4117 habetpartee3
374 4058 502 4119 primaeui,
519 4052 813 4115 neplsiloeophiaiuvana
844 4054 1044 4116 quemadmodum
1064 4058 1192 4104 ntrmomi
1218 4058 1293 4103 varias
1319 4009 1483 4108 adunilltrm

181 4125 249 4168 abeat
259 4122 398 4182 opinionum
409 4129 549 4175 commenta,
567 4133 644 4166 eausa
654 4132 732 4163 renam
743 4128 812 4163 natu·
844 4119 984 4180 hypotheses
994 4129 1022 4166 ut
1032 4121 1186 4180 phenomem
1196 4121 1298 4168 colestia
1311 4121 1443 4182 praedicere
1456 4136 1482 4172 et

181 4185 266 4233 talium
278 4201 325 4232 non
337 4185 389 4233 alise
399 4185 492 4233 admitti
502 4182 725 4245 debentquimque
733 4182 812 4227 reveri
845 4184 976 4230 aoeuratius
1002 4185 1130 4241 οδισνιη,
1153 4185 1224 4248 atqui
1244 4183 1279 4232 ita
1299 4200 1366 4233 veras
1392 4202 1481 4236 mum

179 4250 283 4297 esistunt
299 4259 322 4296 et
337 4265 391 4310 quie
407 4249 568 4310 phrenomenls
583 4244 726 4306 explicandis
744 4245 811 4291 suffl-
844 4262 925 4294 oausas
940 4248 1093 4308 conjectando
1104 4249 1243 4313 investigare
1254 4261 1355 4310 possent.
1393 4252 1480 4300 Altera

179 4317 261 4370 ciunt;
281 4313 345 4360 unde
361 4314 381 4359 si
397 4314 497 4361 velimus
513 4309 813 4361 cumerideutiiaceerti·
844 4326 897 4370 pan
918 4312 1016 4373 regule,
1031 4328 1057 4360 ea
1077 4314 1165 4361 scilieet
1191 4329 1245 4376 que
1269 4315 1401 4374 prescribit
1428 4330 1479 4363 nou

178 4379 261 4426 tudine
273 4378 436 4438 philosophari,
447 4394 529 4424 omnes
539 4376 678 4437 hypotheses
689 4373 811 4435 negligen-
843 4375 922 4435 plures
932 4376 1087 4424 adniittendas
1097 4394 1146 4426 esse
1154 4393 1233 4425 rerum
1242 4379 1385 4425 meantium
1395 4394 1480 4428 causae

178 4443 216 4489 dre
231 4444 297 4489 nobis
310 4453 379 4497 sunt;
397 4443 532 4502 hypothesis
545 4439 638 4488 enimsi
651 4438 758 4499 legitima
768 4447 810 4492 est,
842 4438 914 4498 quim
930 4455 984 4500 que
1000 4456 1081 4487 eoum
1098 4443 1259 4502 phaeooenetns
1269 4443 1417 4502 explicandis
1428 4445 1480 4491 sul.

178 4523 256 4554 cause
270 4506 366 4569 quidem
382 4506 565 4565 possibilitatem,
577 4502 675 4551 minimi
686 4499 741 4548 sero
751 4502 811 4546 exis-
844 4501 933 4554 fidunt.
953 4504 1077 4552 manifesta
1095 4517 1146 4564 est;
1164 4521 1220 4554 mm
1239 4506 1295 4553 cum
1310 4521 1367 4555 vera
1380 4508 1481 4556 effeetus

177 4571 275 4617 mutiam
295 4570 401 4623 adstruit.
423 4570 479 4617 cum
502 4570 599 4617 effectus
618 4567 680 4614 idem
702 4566 809 4625 pluribus
840 4580 912 4611 eausa
932 4581 973 4626 per
991 4571 1158 4628 experientiam
1177 4571 1250 4617 sensu
1272 4570 1370 4618 inventa
1387 4584 1432 4626 eet,
1454 4585 1480 4621 et

178 4636 255 4681 modis
270 4635 368 4696 produci
385 4635 463 4695 possit.
502 4635 670 4681 Verumtamen
685 4631 725 4678 ubi
738 4631 808 4677 certi·
839 4630 972 4675 matheseos
998 4646 1044 4692 ope
1071 4634 1199 4695 prasertim
1227 4634 1416 4683 flmmeum
1444 4649 1480 4686 est

177 4699 268 4747 tudinis
293 4699 427 4747 obtimmoe
454 4701 484 4745 ab
510 4697 675 4757 experimentis
701 4706 725 4742 et
752 4693 808 4740 inde
839 4707 916 4739 causa
932 4693 1479 4762 illiuseameseevimqundeffectumpro-

179 4764 345 4812 mathematici
363 4764 399 4811 vii
414 4762 563 4824 procedendo
577 4778 630 4821 spes
646 4776 693 4807 non
712 4757 812 4819 affulget
842 4756 977 4804 ducendum
989 4760 1097 4817 miliciae,
1113 4763 1187 4826 liquet
1196 4762 1268 4811 atino
1279 4766 1411 4827 quamlibet
1422 4781 1479 4814 cau·

180 4830 348 4891 sypohesitsu·
363 4827 504 4894 qutlruadam
521 4825 699 4888 particularibus
711 4824 745 4871 uti
756 4823 811 4870 litet
843 4836 891 4868 sam
903 4837 953 4869 ease
964 4822 1079 4873 inutilem.
