3330 5692
462 608 654 678 FLUXUS
677 611 739 676 AC
763 609 1018 677 REFLUXUS
1041 609 1200 676 MARIS.
1409 618 1472 676 285

188 805 346 881 {equature
360 794 487 880 quidem
503 795 556 857 ubi
572 795 674 872 Luna,
691 793 763 859 edm
777 809 824 858 est
839 797 871 858 in
885 808 1053 881 aequatore,
1069 794 1206 858 maxima
1222 794 1251 855 vi
1266 792 1392 880 gaudet,
1414 792 1473 856 du·

187 906 278 969 bium
292 915 339 968 est
352 903 484 980 nullum,
500 899 577 990 quin
591 920 684 969 aestus
699 904 826 969 maximi
840 906 872 966 in
890 904 1077 989 aequinoctia
1090 903 1216 978 incidat,
1239 902 1364 987 quando
1378 901 1472 965 ambo

186 1012 352 1076 luminaria
372 1011 407 1074 in
428 1024 586 1098 aequatore
608 1024 682 1076 sunt
703 1013 814 1097 posita,
838 1032 908 1097 quoe
929 1011 1039 1075 eadem
1059 1010 1234 1095 proprietas
1248 1009 1341 1071 etiam
1355 1009 1388 1070 in
1402 1008 1471 1071 loca

185 1125 226 1188 ab
240 1136 401 1209 aequatore
414 1144 478 1187 non
492 1124 625 1188 multum
640 1125 748 1189 dissita
761 1126 929 1210 competit:
953 1139 985 1189 at
1004 1126 1037 1188 in
1055 1124 1131 1188 locis
1145 1124 1186 1187 ab
1200 1138 1358 1208 aequatore
1371 1125 1471 1210 magis

185 1231 313 1294 remotis
335 1242 430 1293 oestus
451 1232 555 1307 maris,
579 1230 651 1294 crim
675 1232 767 1295 Luna
787 1232 955 1295 maximam
974 1230 1068 1294 habet
1083 1230 1332 1306 declinationem,
1356 1229 1472 1292 dantur

186 1337 313 1424 quidem
334 1339 467 1423 majores
488 1361 528 1402 ex
551 1340 665 1416 tabula,
688 1346 712 1421 ᾗ.
730 1349 781 1404 50.
802 1338 909 1404 remim
923 1354 1017 1404 aestus
1031 1362 1106 1403 mox
1126 1340 1349 1425 subsequentes
1370 1340 1470 1404 multo

186 1458 260 1511 sunt
273 1445 420 1509 minores.
465 1446 604 1522 Quodsi
620 1462 722 1512 autem
743 1449 824 1513 inter
845 1449 935 1513 binos
949 1464 1043 1514 aestus
1057 1473 1077 1513 a
1091 1448 1182 1514 Lunai
1198 1448 1346 1514 oriundos
1362 1472 1470 1513 conse·

186 1566 316 1640 quantes
330 1552 468 1616 medium
483 1555 631 1638 capiatur,
648 1556 765 1639 patebit
777 1556 811 1618 in
826 1556 1005 1642 regionibus
1021 1563 1084 1620 ³0⁰.
1100 1557 1140 1618 ab
1154 1570 1313 1641 oequatore
1332 1558 1468 1633 remotis,

185 1703 299 1790 qulbus
314 1715 407 1767 aestus
422 1672 577 1831 εεῐέἷὲξ
595 1704 624 1769 L
647 1707 672 1769 si
696 1706 796 1769 Lunae
811 1704 976 1769 declinatio
991 1706 1031 1767 sit
1045 1704 1140 1780 nulla,
1164 1716 1273 1766 aestum
1296 1706 1390 1768 maris
1404 1727 1469 1769 me-

1219 1890 1357 1982 aoraL

1216 1965 1315 2047 '515³
1358 1965 1367 1996 '

184 2109 246 2173 que
260 2085 363 2151 adbuc
378 2088 530 2151 minorem
545 2088 638 2175 quim
654 2090 725 2155 crim
743 2093 833 2156 Luna
848 2103 1037 2177 aequatorem
1052 2105 1145 2155 tenet.
1186 2089 1306 2153 Contra
1321 2089 1395 2152 verb
1411 2091 1469 2153 sub

185 2197 358 2293 elevatione
380 2196 446 2281 poli
461 2206 503 2263 60
517 2200 684 2286 graduum,
701 2215 747 2265 est
761 2213 856 2264 aestus
870 2201 974 2276 maris,
993 2201 1084 2265 Luni
1100 2213 1241 2262 versante
1255 2199 1288 2260 in
1302 2211 1469 2283 oequatore,

185 2377 221 2390 -
237 2313 335 2382 o,740

185 2393 220 2405 ”
235 2395 334 2471 W

186 2526 283 2595 0‚926
308 2558 337 2622 L

185 2604 275 2682 ἐἶθ
337 2604 347 2636 ’

184 2729 324 2795 nioribus
346 2743 439 2797 aestus
461 2734 624 2810 maximos,
648 2757 712 2797 non
740 2735 771 2796 in
796 2735 994 2819 aequinoctia,
1023 2734 1202 2818 sed'potius
1225 2733 1307 2795 circa
1329 2731 1469 2805 solstitia,

185 2836 325 2902 incidere
344 2838 469 2916 debere,
493 2840 554 2926 qud
577 2842 702 2926 quidem
718 2842 750 2903 in
765 2864 800 2903 re
814 2841 935 2903 theoria
949 2854 1055 2904 nostra
1075 2862 1132 2924 per
1147 2840 1370 2923 experientiam
1385 2838 1471 2901 miri·
1495 2879 1497 2886 ι

184 1915 283 1993 dium,
299 1914 372 1980 crim
389 1917 482 1981 Luna
495 1916 591 1982 habet
601 1919 840 1985 declinationem
857 1929 899 1985 20
913 1920 1078 2007 graduum,
1095 1921 1160 1984 fore
1171 1952 1206 1977 =
1383 1919 1470 1983 ideo·

353 2345 393 2422 L,
415 2361 509 2408 aestus
531 2361 634 2411 autem
657 2347 786 2424 medius,
811 2346 882 2410 crim
905 2346 1007 2410 Lunae
1028 2346 1194 2410 declinatio
1210 2357 1258 2407 est
1272 2343 1338 2407 20⁰.
1365 2359 1413 2407 est
1435 2375 1469 2402 =

370 2559 504 2645 ideoque
525 2563 634 2646 major.
680 2561 731 2625 Ex
753 2584 816 2646 quo
836 2562 1035 2646 consequitur
1057 2561 1088 2623 in
1104 2559 1282 2647 regionibus
1302 2558 1382 2643 polis
1397 2557 1470 2619 vici-

185 2944 245 3010 fiet
260 2947 473 3012 confirmatur.

598 3430 774 3506 CAPUT
801 3431 1064 3520 QUINTUM.

251 3642 313 3713 De
331 3652 481 3736 ternpore
498 3641 633 3714 Fluxa
651 3667 691 3713 uc
708 3643 876 3739 naturus
894 3644 1017 3716 Maris
1033 3643 1069 3715 in
1086 3644 1203 3716 aridem
1221 3641 1408 3739 hypothesi.

182 3874 207 3952 §-
225 3876 277 3937 ⁵7.
302 3839 528 3956 Quanquam
543 3865 576 3927 in
590 3865 780 3949 praecedenti
792 3864 912 3950 Capite,
929 3887 992 3951 quo
1006 3864 1040 3927 in
1054 3864 1257 3950 quantitatem
1271 3863 1365 3928 aestlrs
1379 3864 1473 3927 maris

182 3981 344 4064 praecipud
366 3977 592 4065 inquisivimus,
616 3974 707 4038 etiam
730 3989 879 4059 tempora,
904 3974 1015 4059 quibus
1031 3987 1094 4037 tam
1108 3975 1212 4038 fluxus
1228 3971 1321 4058 quiam
1336 3973 1472 4036 refluxus

184 4091 318 4166 eveniat,
330 4091 396 4175 jam
411 4086 634 4159 indicavimus3
658 4098 762 4148 tamen
777 4083 838 4148 hoc
855 4085 965 4170 Capite
985 4084 1066 4148 istud
1081 4097 1300 4172 argrnnentum
1313 4081 1412 4147 fusiris
1428 4097 1474 4147 at-

185 4219 248 4283 que
269 4195 311 4259 ad
332 4195 563 4258 observationes
586 4191 818 4256 accommodate
838 4216 1070 4280 persequemur.
1115 4193 1356 4259 Observationes
1378 4193 1472 4270 enim,

187 4323 258 4390 quae
281 4303 364 4366 circa
385 4315 497 4364 aestum
511 4300 604 4362 maris
625 4299 743 4362 institui
765 4300 874 4377 solent,
897 4301 938 4364 ad
960 4302 1019 4365 tria
1032 4323 1148 4388 genera
1162 4299 1410 4364 commodissime
1425 4324 1474 4364 re·
1534 4320 1535 4324 ’

186 4416 351 4490 seruntur3
374 4414 414 4477 ad
437 4434 570 4499 quorum
591 4412 728 4496 primum
749 4412 883 4496 pertinet
903 4413 997 4476 maris
1020 4412 1090 4476 crim
1113 4412 1244 4476 elevatio
1258 4411 1474 4474 maxima‘tdm

187 4525 325 4590 maxima
349 4522 526 4606 depressi03
549 4532 641 4606 atque
663 4518 817 4582 indicatur
839 4533 988 4604 quantum
1010 4520 1119 4605 quovis
1142 4533 1219 4598 aestu
1241 4542 1322 4605 aqua
1340 4517 1411 4581 crim
1427 4542 1475 4581 as·

187 4637 301 4703 ceudat
322 4634 391 4702 tum
413 4633 590 4697 descendat.
646 4631 699 4694 Ad
722 4629 893 4694 secundum
919 4631 1169 4694 observationum
1195 4652 1293 4714 genus
1319 4630 1476 4693 numerari

188 4746 335 4811 convenit
359 4766 422 4818 eae,
451 4764 521 4827 quar
547 4739 585 4803 ad
612 4752 734 4823 tempus
762 4738 940 4824 respiciunt,
969 4738 1142 4824 quibusque
1163 4737 1320 4812 delinitur,
1342 4759 1477 4823 quonam

188 4854 341 4939 temporis
355 4863 515 4916 momento
531 4848 630 4914 ubivis
643 4847 815 4912 Terrarum
829 4869 908 4932 aqua
923 4843 995 4910 crim
1007 4868 1158 4911 summam
1170 4859 1273 4912 teneat
1283 4845 1478 4910 altitudinem

223 4963 286 5010 Vor.
303 4957 347 5007 ll.
777 4954 804 5002 X
