3300 5678
214 1157 609 1258 EDITOR
679 1146 1158 1252 LECTORL

58 1854 234 1951 Fonteius
247 1884 450 1948 commentari
464 1905 527 1946 non
542 1905 706 1967 possumus
717 1906 754 1947 ea
765 1904 835 1969 quae
849 1881 944 1947 tradit
958 1895 1048 1947 autor
1059 1895 1163 1947 noster
1173 1883 1213 1947 de
1226 1883 1325 1948 Maris

62 1995 164 2071 AEstu,
179 1990 270 2079 quim
283 1990 356 2055 huic
366 1991 570 2074 propositioni
585 1988 801 2077 subjungendo
814 2012 865 2052 eas
877 1988 1105 2053 dissertationes
1116 2011 1187 2075 quae
1197 1991 1327 2074 praemio

62 2106 144 2171 :bere
165 2101 377 2169 condecoratae
397 2123 417 2162 a
436 2093 552 2163 'celebri
575 2099 741 2164 Parisiensi
762 2097 965 2164 scientiarum
982 2097 1161 2162 Academia.
1207 2099 1246 2163 ld
1260 2100 1328 2185 qui-

53 2212 128 2277 dem
150 2210 287 2296 primum
309 2207 398 2272 nobis
420 2205 519 2270 fuerat
538 2195 741 2291 pmpositum,
758 2219 794 2269 ut
807 2227 845 2269 ea
858 2228 929 2291 quae
942 2205 975 2268 in
990 2205 1050 2269 illis
1064 2205 1329 2271 dissertationibus

53 2320 298 2386 momentosiora
318 2316 498 2381 viderentur
518 2329 550 2380 et
571 2316 612 2380 ad
634 2315 848 2380 Newtonianae
868 2316 1074 2402 philosophiae
1095 2316 1330 2382 illustrationem

53 2427 257 2512 pertinerent,
282 2423 370 2488 brevi
395 2421 580 2506 compendio
609 2421 833 2507 comprehensa
860 2422 942 2486 notis
972 2422 1189 2507 adjiceremus;
1223 2422 1331 2488 verdm

55 2551 168 2602 hunos
188 2557 226 2599 ac
247 2533 364 2621 ingenii
378 2533 475 2596 nostri
489 2532 564 2594 vitio
579 2532 692 2594 detrita
705 2531 851 2595 exhibere
866 2530 935 2595 haec
954 2532 1228 2596 illustrissimorum
1250 2533 1332 2596 viro·

57 2667 126 2709 mm
141 2643 258 2728 scripta
271 2640 382 2704 meriti>
395 2640 505 2727 piguit,
522 2651 554 2703 et
567 2660 631 2702 non
646 2638 854 2703 dubitavimus
869 2660 926 2703 nos
941 2637 1051 2703 melitis
1062 2639 1254 2703 consulturos
1266 2638 1333 2702 tdm

58 2750 227 2816 lectoribus
243 2749 367 2824 nostris,
389 2744 456 2810 ttim
479 2747 553 2830 ipsis
567 2769 675 2810 eorum
691 2747 876 2831 scriptorum
892 2746 1082 2823 authoribus,
1106 2748 1132 2810 si
1146 2747 1249 2832 qualia
1262 2761 1335 2810 suut

60 2858 143 2925 adita
164 2857 217 2921 hic
239 2855 292 2920 illa
312 2857 535 2920 insereremus:
559 2852 692 2940 cvlmque
718 2854 883 2917 authorum
906 2853 1105 2939 atypotbetis
1119 2854 1256 2919 absentih
1272 2854 1334 2919 fac-

60 2982 126 3033 tum
143 2967 184 3031 sit
204 2966 287 3029 utin
302 2964 435 3028 editione
453 2962 591 3027 Parisind
606 2963 740 3047 plurima
754 2961 934 3048 irrepserint
948 2961 1071 3038 menda,
1088 2961 1174 3024 nullo
1195 2984 1335 3026 errorum

61 3077 205 3164 catalogo
227 3086 374 3150 correcta,
399 3097 437 3137 ea
461 3071 774 3137 demonstrationibus
807 3094 843 3135 ac
872 3071 996 3135 calculis
1027 3070 1169 3134 accurate
1199 3073 1335 3156 repetitis

62 3182 306 3258 emendavimus,
319 3181 497 3268 figurasque
512 3181 552 3244 ad
568 3181 645 3258 loca,
662 3181 775 3267 quibus
790 3179 990 3265 respondent,
1007 3179 1105 3264 aptari
1120 3181 1303 3246 curavimus.

105 3292 253 3368 Quatuor
274 3289 399 3376 quidem
423 3289 655 3353 dissertationes
673 3289 820 3352 Parisinis
836 3288 917 3374 typis
931 3287 1057 3351 fuenmt
1078 3286 1238 3373 evulgatae,
1262 3310 1338 3372 qua·

64 3424 132 3465 rom
147 3401 235 3485 prior
249 3423 269 3462 a
285 3399 377 3462 Patre
396 3396 561 3461 Cavallieri
577 3397 596 3461 J
601 3397 709 3474 esuitt,
729 3396 865 3460 secunda
879 3420 899 3459 a
913 3395 1048 3461 Daniele
1064 3395 1254 3472 Bemoullio,
1276 3410 1338 3459 ter·

63 3512 133 3574 tiaa
146 3509 188 3573 D.
203 3509 245 3572 D.
259 3507 502 3583 Mac-Laurino‚
515 3521 625 3593 quarta
636 3532 655 3570 a
667 3507 835 3572 Leonardo
859 3507 976 3571 Eulero
989 3507 1076 3571 fuere
1088 3507 1128 3570 ad
1139 3506 1338 3571 Academiam

63 3620 179 3684 missae.
228 3618 318 3682 Prior
331 3618 372 3697 ‚in
396 3639 434 3680 eo
456 3632 626 3700 occupatur
641 3631 675 3680 ut
693 3618 883 3682 Cartesianae
898 3617 1105 3705 hypotheseos
1119 3620 1200 3682 circa
1215 3641 1338 3682 causam

62 3726 160 3790 atita
183 3725 293 3787 marini
315 3725 389 3787 vitia
403 3737 434 3786 et
449 3723 551 3787 hiatus
567 3725 703 3811 corrigat
717 3738 749 3788 et
764 3725 918 3803 resarciat,
942 3726 1025 3812 quod
1041 3726 1165 3812 quidem
1181 3726 1338 3812 ingeniose

64 3833 237 3898 admodum
260 3847 404 3917 praestat3
427 3847 490 3898 tres
512 3834 641 3918 reliquae
658 3857 698 3898 ex
715 3835 833 3922 legibus
847 3838 1005 3923 gravitatis
1020 3859 1168 3923 aquamm
1186 3837 1284 3900 Maris
1306 3838 1338 3899 in

68 3943 185 4019 Solem,
208 3942 331 4006 Lunam
351 3956 384 4006 et
410 3942 553 4020 Terram,
577 3966 683 4007 omnes
704 3944 903 4029 phaenomeni
925 3947 1074 4031 propositi
1096 3947 1338 4011 circumstantias

65 4054 223 4138 explicant
238 4067 270 4116 et
284 4053 409 4116 calculis
425 4053 649 4119 determinant:
673 4055 729 4120 has
744 4079 820 4144 crgo
832 4070 904 4136 tres,
917 4058 1028 4122 omissi
1040 4060 1153 4143 priore,
1170 4059 1260 4144 hujus
1272 4080 1339 4122 esse

67 4161 128 4224 loci
142 4159 339 4223 credidimus.

114 4267 151 4331 ln
173 4267 388 4330 dissertatione
413 4266 635 4332 Mac-Laurini
656 4273 791 4336 occurrit
810 4273 922 4336 solutio
945 4273 1116 4358 synthetica
1139 4272 1340 4339 Problematis

67 4377 109 4440 de
128 4376 227 4464 ligurii
252 4377 371 4454 Terrae,
396 4378 486 4462 quale
509 4379 586 4442 illud
606 4402 867 4466 proposueramus
890 4383 920 4444 in
943 4383 1024 4445 notis
1048 4384 1161 4447 nostris
1183 4384 1223 4447 ad
1248 4385 1342 4468 Prop.

74 4484 171 4549 XIX.
187 4485 332 4570 quodque
347 4508 459 4569 parurn
474 4485 556 4550 felici
575 4511 717 4553 successu
733 4490 883 4575 analytice
900 4489 1018 4553 solvere
1035 4502 1280 4568 tentaveramus3
1304 4514 1343 4555 ex

74 4594 137 4676 ejus
160 4593 313 4657 solutione
335 4608 421 4678 patet
443 4596 651 4661 meridianum
674 4622 741 4662 esse
764 4622 868 4663 veram
888 4599 1020 4683 ellipsim
1036 4601 1067 4663 in
1081 4600 1246 4687 hypothesi
1261 4601 1346 4688 qubd

78 4701 173 4766 Terra
189 4704 229 4767 sit
244 4704 456 4791 homogenea:
484 4704 556 4769 clun
571 4721 673 4770 autem
689 4707 757 4771 haec
772 4709 804 4770 in
819 4731 928 4772 manus
944 4721 1064 4773 nostras
1079 4733 1142 4773 non
1157 4710 1345 4786 devenerint,

81 4809 135 4873 nisi
149 4809 222 4874 etim
238 4825 321 4875 nota
336 4811 375 4875 ad
391 4835 461 4878 eam
479 4814 726 4898 Propositionem
743 4815 840 4879 XIX.
856 4816 988 4899 praelum
1003 4816 1175 4894 subiissent,
1199 4816 1271 4880 inde
1286 4814 1347 4879 fac·

688 4923 699 4971 l
719 4930 732 4971 4
