3330 5692
180 549 243 608 260
431 539 697 620 INQUISITIO
725 539 927 607 PHYSICA
953 541 1005 606 IN
1028 540 1225 608 CAUSAM

181 726 403 800 comparatam,
429 726 463 777 ut
485 714 518 777 in
544 713 716 800 equalibus
738 715 822 777 circa
843 725 985 778 centrum
1007 712 1178 777 intervallis
1201 714 1364 777 materiam
1384 713 1470 801 aequi

183 823 312 887 densam
335 820 483 898 includat,
508 819 611 885 Terra
625 842 750 907 quoque
763 820 908 887 universa
927 820 991 885 tim
1007 843 1027 884 a
1043 820 1117 886 Sole
1132 818 1227 907 quim
1241 844 1261 885 a
1276 821 1370 886 Luni
1386 821 1471 908 requi

181 928 405 1007 sollicitabitnr,
429 950 466 991 ac
488 928 514 992 si
535 928 636 992 omnis
659 930 725 1014 ejus
747 928 877 992 materia
898 928 931 991 in
953 941 1062 992 centro
1076 940 1159 992 esset
1174 926 1314 992 collem.
1363 927 1472 1004 Quan-

181 1059 276 1124 quam
290 1036 373 1101 enim
387 1057 472 1101 nunc
486 1036 613 1122 quidem
628 1037 865 1102 accuratissimis
887 1036 928 1100 ab
949 1035 1160 1100 illustrissimi
1176 1036 1351 1101 Academii
1376 1036 1476 1127 Regu

177 1146 327 1213 institutis
352 1146 468 1230 passim
494 1136 647 1209 mensuris
673 1145 748 1209 satis
772 1158 821 1209 est
843 1145 1100 1223 demonstratum,
1135 1143 1248 1209 Terrae
1271 1144 1410 1231 ligurm
1435 1144 1476 1210 ad

179 1253 269 1338 polos
284 1276 352 1317 esse
367 1273 587 1336 compressam,
600 1263 706 1316 tamen
720 1251 842 1317 tantilla
855 1276 874 1316 a
888 1252 1025 1338 perfecti
1041 1252 1164 1338 aphoeri
1179 1252 1348 1330 aberratio,
1363 1254 1398 1317 in
1409 1252 1480 1318 aliis

179 1363 306 1450 quidem
332 1363 465 1450 negotiis
491 1362 619 1427 maximi
641 1364 801 1442 momenti,
825 1365 858 1427 in
883 1363 944 1429 boc
966 1366 1108 1430 instituto
1129 1363 1198 1429 tutd
1220 1365 1340 1454 negligi
1359 1376 1478 1451 potest.

180 1472 317 1559 Parique
339 1472 470 1549 ratione,
494 1470 613 1534 etiamsi
635 1469 738 1536 Terra
758 1471 792 1535 in
814 1472 989 1558 aequalibus
1010 1495 1030 1535 a
1052 1483 1161 1536 centro
1177 1471 1334 1541 distantiis
1350 1494 1419 1537 non
1440 1474 1486 1536 sit

180 1580 271 1669 aeque
286 1581 394 1657 densa,
410 1593 514 1644 tamen
529 1579 703 1644 differentia
718 1578 802 1645 certe
817 1602 881 1644 non
898 1593 946 1645 est
960 1594 1055 1658 tenta,
1073 1592 1108 1645 ut
1122 1602 1210 1645 error
1225 1580 1384 1646 senssssilis
1406 1579 1487 1645 inde

182 1691 223 1754 ait
236 1688 432 1753 metuendus.

224 1806 248 1883 t.
272 1807 324 1863 22.
356 1799 404 1864 Ut
429 1798 525 1887 igitur
550 1800 631 1864 vires
657 1799 863 1878 inveniantur,
891 1820 963 1886 quaa
987 1800 1119 1865 tendant
1133 1800 1184 1864 'ad
1213 1801 1310 1864 situm
1339 1799 1494 1886 partium

185 1909 296 1973 Terrae
318 1906 482 1972 relativum
504 1906 743 1984 immutandum,
766 1906 946 1971 delinienda
967 1920 1014 1971 est
1028 1908 1074 1972 vis
1088 1906 1301 1984 accelerabis,
1327 1906 1391 1993 quai
1407 1927 1486 1970 oen·

180 2031 265 2082 trum
287 2015 398 2080 Terroe
420 2015 484 2079 sive
506 2014 546 2079 ad
571 2014 676 2080 Solem
700 2014 763 2078 sive
785 2014 825 2078 ad
848 2014 975 2078 Lunam
996 2026 1164 2102 urgeatur:
1199 2013 1261 2100 qui
1284 2012 1429 2101 cogniti,
1454 2014 1500 2079 si

182 2126 415 2210 comperiantur
436 2145 545 2188 omnes
568 2124 681 2188 Terrae
702 2138 806 2208 partes
821 2124 994 2211 aequalibus
1018 2123 1136 2188 viribus
1152 2124 1430 2190 acceleratricsssus
1450 2137 1501 2190 et

183 2235 216 2297 in
239 2232 466 2297 directionibus
493 2231 649 2316 parallelis
673 2232 772 2318 ugeri,
797 2232 884 2295 nulla
910 2232 1039 2296 omnino
1065 2231 1143 2296 sitias
1164 2232 1307 2311 mutatio,
1331 2232 1497 2321 nullaque

182 2341 316 2431 proinde
338 2342 433 2405 maris
454 2341 583 2429 agitatio
604 2341 731 2405 orietur.
777 2340 841 2406 Sed
863 2340 965 2405 Terra
985 2341 1019 2404 in
1039 2363 1073 2404 se
1088 2352 1227 2425 spectata
1241 2341 1388 2405 omnium
1408 2364 1491 2428 pet·

182 2453 261 2517 tium
275 2452 368 2516 situm
383 2464 527 2516 mutuum
543 2451 727 2515 invariatum
743 2452 947 2514 conservabit.
993 2452 1039 2515 At
1054 2452 1079 2523 si
1103 2451 1195 2527 vires,
1213 2449 1329 2536 quibus
1345 2451 1484 2541 singulae

183 2576 287 2649 partes
303 2585 321 2625 a
334 2561 407 2626 Sole
422 2574 477 2626 aut
492 2560 584 2625 Luni
596 2575 757 2648 urgentur,
770 2561 947 2645 discrepent
957 2584 977 2625 a
990 2561 1021 2623 vi
1036 2573 1178 2626 centrum
1188 2561 1302 2626 Terrae
1314 2562 1474 2640 afficiente,

184 2666 248 2735 tim
264 2669 385 2733 ratione
400 2668 579 2754 quantitatis
595 2665 688 2754 quim
705 2667 893 2746 directionis,
917 2681 983 2732 tum
999 2668 1056 2732 nisi
1073 2668 1249 2731 firmissime
1272 2669 1358 2733 inter
1372 2692 1407 2734 se
1420 2671 1471 2734 sint

184 2800 346 2857 connexae,
369 2777 402 2841 in
424 2778 486 2841 situ
508 2799 566 2841 suo
586 2788 696 2841 mutuo
717 2778 894 2863 perturbari
915 2777 1083 2842 debebunt.
1132 2778 1270 2864 Hocque
1286 2798 1364 2843 casu
1377 2796 1465 2866 aqua,

185 2911 256 2975 quoe
283 2887 325 2952 ob
349 2886 535 2951 fluiditatem
559 2888 590 2950 vi
613 2887 706 2951 etiam
732 2888 870 2952 minimae
896 2889 1022 2965 cedunt,
1049 2888 1237 2953 sensibiliter
1265 2889 1466 2976 agitabuntur,

185 3008 277 3081 atque
299 2992 456 3057 affluendo
477 2992 705 3079 defluendoque
727 2992 794 3057 aliis
817 2993 893 3058 locis
916 2994 1128 3070 elevabuntur,
1155 2994 1223 3057 aliis
1250 2993 1465 3079 deprimentur.

189 3103 271 3169 Crlrn
289 3118 397 3168 autem
413 3104 472 3168 iste
487 3116 601 3180 motus,
625 3105 678 3189 qui
701 3103 732 3165 in
756 3102 885 3191 singulis
902 3103 1012 3167 Terrae
1027 3103 1168 3188 partibus
1183 3117 1366 3189 generatur,
1390 3101 1470 3167 adil·

188 3209 317 3276 ferentii
335 3211 511 3275 intervisas
527 3224 669 3274 centrum
685 3210 796 3274 Terrae
811 3225 842 3275 et
857 3212 940 3295 ipsas
958 3225 1062 3296 partes
1078 3211 1279 3274 sollicitantes
1301 3211 1469 3296 proficisca-

188 3330 250 3396 tur,
277 3318 406 3402 propria
432 3317 488 3392 vis,
516 3316 577 3401 quai
604 3339 736 3402 quoeque
762 3317 915 3401 particula
939 3319 1116 3405 agitabitur,
1144 3318 1327 3396 innotescet,
1356 3320 1383 3383 si
1407 3318 1470 3383 avi

187 3425 402 3490 acceleratrice
418 3422 502 3485 illam
516 3422 700 3506 particulam
716 3423 899 3488 sollicitante
914 3425 1072 3489 auferatur
1088 3424 1141 3487 vix
1156 3424 1371 3504 acceleratn'x,
1387 3448 1470 3514 quarn

187 3546 329 3596 centrum
345 3529 456 3594 Terroe
470 3529 606 3612 patitur:
630 3528 760 3615 haecque
776 3532 946 3595 subtractio
960 3533 1004 3595 ita
1018 3532 1200 3610 instituitur,
1223 3545 1259 3597 ut
1274 3534 1389 3622 cuique
1409 3557 1471 3621 par·

186 3641 290 3705 ticuloe
311 3652 426 3723 praeter
449 3639 512 3701 vim
534 3649 605 3702 actu
620 3658 689 3701 earn
704 3639 921 3704 sollicitantem
937 3641 997 3705 alia
1011 3643 1058 3705 vis
1072 3642 1201 3728 aequalis
1217 3642 1273 3721 illi,
1298 3667 1394 3730 quarn
1407 3666 1473 3708 cen·

187 3763 270 3813 trunr
292 3747 476 3833 perpetitur,
499 3746 532 3808 in
553 3745 723 3810 directione
739 3746 893 3811 contrarii
909 3749 1063 3832 applicata
1077 3749 1291 3834 concipiaturt
1315 3764 1385 3816 tum
1398 3753 1474 3815 enim

187 3858 233 3922 vis
257 3880 327 3944 quae
350 3879 390 3920 ex
413 3856 638 3940 compositione
659 3855 772 3920 harum
786 3856 920 3921 duarum
935 3859 1043 3936 oritur,
1068 3858 1128 3922 erit
1142 3879 1215 3920 vera
1230 3858 1276 3922 vis
1296 3860 1475 3943 particulam

187 3967 273 4031 illam
288 3967 413 4031 deloco
428 3987 486 4030 sno
501 3965 678 4030 deflectens.

230 4080 253 4156 i.
269 4082 323 4138 28.
348 4075 567 4139 Consentanea
582 4086 630 4138 est
644 4073 713 4139 haeo
729 4072 871 4138 reductio
890 4074 1051 4159 principiis
1067 4075 1265 4153 mechanicis,
1290 4076 1405 4163 quibua
1420 4091 1476 4141 ns·

189 4183 286 4247 tuitus
308 4197 426 4249 motum
449 4184 612 4248 relativum
635 4185 666 4247 in
690 4195 857 4271 systemate
872 4199 1071 4271 quotcunque
1086 4205 1256 4270 corporum
1272 4199 1304 4249 et
1318 4206 1339 4250 a
1355 4188 1477 4275 quibus·

189 4315 312 4380 cunque
327 4295 443 4360 viribus
459 4294 695 4360 sollicitatorurn
717 4316 843 4359 manere
859 4295 1054 4372 invariatum,
1072 4296 1097 4358 si
1112 4316 1176 4359 non
1192 4293 1295 4359 solrlm
1310 4297 1370 4361 toti
1385 4311 1478 4383 syste

189 4400 265 4462 mati
287 4413 390 4463 motus
413 4400 574 4486 aequabilis
597 4401 629 4463 in
652 4400 803 4464 directum
826 4401 918 4464 simul
941 4400 1146 4486 imprimatur,
1170 4398 1336 4465 sedetiam
1353 4402 1478 4491 singnis

189 4507 330 4592 partibus
345 4509 426 4572 vires
442 4508 577 4595 aequales
592 4529 724 4595 quarum
740 4508 927 4574 directiones
938 4499 1011 4573 lsint
1033 4509 1114 4572 inter
1134 4533 1167 4574 se
1188 4511 1359 4594 parallelae,
1383 4510 1479 4598 appli-

192 4628 311 4681 centur.
357 4596 476 4680 Nbstro
491 4619 587 4706 igitur
602 4642 675 4684 casu
691 4632 793 4683 motus
808 4618 972 4682 intestinus
987 4619 1122 4702 partium
1139 4618 1251 4683 Terrae
1266 4641 1330 4682 non
1343 4621 1479 4686 turbabi-

191 4728 253 4803 tur,
278 4725 304 4788 si
326 4725 455 4812 singulis
470 4728 628 4811 particulis
643 4730 723 4793 vires
739 4729 873 4814 aequales
889 4728 921 4790 in
936 4728 1157 4792 directionibus
1172 4731 1329 4816 parallelis
1345 4732 1477 4817 applice-
1535 4755 1543 4767 ·

193 4858 262 4902 mus
288 4846 324 4900 ut
348 4831 495 4898 fecimus:
530 4834 614 4921 qubd
641 4838 667 4900 si
692 4850 795 4901 antem
822 4836 888 4899 istae
912 4836 991 4900 vires
1014 4837 1149 4923 aequales
1172 4839 1233 4903 sint
1256 4838 1310 4917 illi,
1335 4839 1396 4927 qui
1417 4852 1477 4903 tota
1506 4848 1543 4893 Δ
