3330 5692
804 1010 863 1069 DE

356 1284 674 1385 MUNDl
745 1280 1300 1381 SYSTEMATF.

589 1574 775 1651 LIBER
811 1571 1083 1651 TERTIUS.

192 2080 237 2182 Iu
263 2116 372 2183 nun
400 2115 654 2202 munna·
687 2116 843 2201 mapa
875 2115 1085 2202 μαψ.
1117 2116 1244 2195 mnu,
1272 2139 1340 2181 m
1367 2130 1473 2180 m

186 2225 402 2313 philosophica
431 2223 490 2289 sed
515 2223 736 2288 mathunstim
760 2221 893 2301 tannim,
929 2247 973 2289 ex
999 2223 1114 2310 qubus
1141 2224 1288 2289 videlieet
1314 2224 1349 2287 in
1376 2222 1472 2287 rebus

183 2333 712 2422 philosophicisdispuoripoedt
767 2333 1473 2421 Hammmumeviriumlegeset

182 2443 388 2518 mutones
411 2463 485 2528 que
502 2440 545 2505 «1
564 2438 796 2526 mooun
808 2439 946 2505 mo
959 2454 1112 2527 mut
1155 2442 1278 2508 nm
1291 2455 1408 2517 meu
1430 2462 1472 2503 ne

181 2553 295 2619 sterilis
315 2551 495 2629 videantur,
516 2549 672 2614 illustravi
690 2550 1471 2640 renumquihurdmphnoeopuowomm

182 2684 248 2749 qnae
268 2658 1404 2749 generaliasuntetinquinusphssofflmuimdfnndariridemr,
1424 2660 1472 2722 uti

181 2767 829 2856 eorporumdensitatemetresist'mtr'am,
852 2770 1471 2854 spafiawrporibmvaummommque

181 2879 254 2946 lncis
277 2892 313 2945 et
335 2899 496 2943 sonorum.
542 2878 693 2963 Superest
711 2891 750 2942 ot
769 2877 940 2942 exiisdem
957 2877 1471 2962 principiisdooeamosoonstim-

181 2989 295 3052 tionem
318 2986 495 3072 systematis
516 2984 677 3050 mundani.
720 2985 775 3050 De
799 2984 862 3048 hoc
885 2998 1072 3072 argumento
1093 3007 1331 3070 composueram
1352 2985 1471 3050 librum

181 3099 306 3162 tertium
323 3096 474 3161 methodo
487 3096 643 3182 populari,
658 3108 695 3159 ut
708 3119 729 3159 a
740 3094 885 3180 plumbus
898 3094 1064 3182 legeremr.
1111 3094 1174 3160 Sed
1189 3096 1302 3180 quibus
1315 3096 1470 3180 principia

182 3205 281 3290 posita
302 3203 379 3267 satis
401 3203 557 3267 intellecta
576 3225 642 3266 non
660 3203 787 3280 iruerint,
802 3202 826 3266 ii
840 3202 904 3264 vim
919 3202 1212 3288 consequentiamm
1226 3202 1354 3267 minime
1368 3205 1469 3287 perci-

182 3313 274 3396 pient,
296 3335 402 3399 neque
422 3312 607 3398 praejudicia
628 3311 797 3398 deponent,
821 3311 934 3397 quibus
955 3334 976 3374 a
994 3309 1100 3375 multis
1115 3323 1200 3374 retro
1220 3311 1312 3374 armis
1327 3311 1469 3374 insuere·

182 3435 270 3486 mut:
295 3434 330 3486 et
349 3433 518 3506 propterea
536 3443 579 3485 ne
599 3443 650 3486 res
669 3422 705 3485 in
717 3421 944 3507 disputationes
958 3419 1110 3498 trahauu,
1126 3443 1281 3485 summam
1295 3421 1369 3486 libri
1384 3419 1469 3484 illius

183 3529 324 3593 transtuli
346 3529 380 3591 in
399 3529 638 3613 propositiones,
660 3550 748 3592 more
763 3527 993 3604 mathematico,
1008 3540 1044 3591 ut
1057 3527 1099 3592 ab
1113 3528 1152 3591 iis
1166 3527 1241 3592 solis
1256 3529 1401 3618 legantur
1415 3529 1470 3614 qui

183 3637 334 3721 principia
346 3635 435 3719 prius
449 3634 629 3699 evolverint.
667 3634 892 3698 Verumtamen
906 3635 1055 3721 quoniam
1068 3637 1298 3720 propositiones
1313 3637 1357 3700 ibi
1372 3658 1467 3721 quam

184 3747 324 3830 plurimae
349 3758 525 3823 occurrant,
552 3767 624 3831 quae
648 3743 816 3808 lectoribus
846 3745 940 3809 etiam
967 3744 1187 3808 mathematici
1212 3744 1314 3809 doctis
1344 3768 1467 3810 moram

186 3855 308 3919 nimiam
322 3856 448 3940 injioere
463 3855 593 3940 possint,
609 3865 719 3918 auctor
733 3876 800 3918 esse
814 3853 889 3918 nolo
903 3866 940 3918 ut
952 3855 1116 3941 quisquam
1130 3876 1183 3918 eos
1198 3877 1309 3918 omnes
1324 3854 1448 3921 evolvat
1456 3879 1466 3932 ς

187 3964 337 4029 suffecerit
358 3964 455 4050 siquis
480 3961 687 4040 definitiones,
714 3962 800 4052 leges
814 3979 956 4029 motuum
970 3977 1002 4029 et
1015 3965 1167 4029 sectiones
1183 3978 1246 4029 tres
1260 3966 1382 4050 priores
1396 3966 1469 4031 libri

185 4075 271 4156 primi
293 4073 404 4138 sedulo
417 4073 511 4162 legat,
532 4073 606 4138 dein
620 4085 758 4137 transeat
772 4072 813 4137 od
826 4073 912 4138 hunc
925 4074 1041 4138 librum
1056 4074 1096 4138 de
1111 4073 1221 4137 mundi
1237 4088 1414 4160 systemate,
1437 4087 1470 4140 et

187 4181 310 4269 reliquas
325 4181 479 4247 librorum
492 4180 634 4267 priorum
646 4181 877 4266 propositiones
891 4180 945 4246 hic
960 4182 1072 4246 citatas
1087 4201 1147 4266 pro
1161 4179 1260 4246 lubitu
1275 4181 1425 4256 oonsulnt,
