3330 5692
482 547 824 616 PHILOSOPHIAE
847 547 1126 614 NATURALIS
1161 547 1245 626 [Dn
1259 547 1396 617 Musa.
1410 547 1491 611 Srtr.

695 824 868 889 LEMMA
890 824 949 889 VI.

179 1003 231 1065 Et
251 999 412 1064 observatis
433 1001 549 1082 aliquot
570 999 643 1062 lotis
663 1009 781 1062 comdae
803 999 938 1061 invenire
959 1000 1050 1061 locum
1072 997 1137 1081 ejus
1162 1001 1213 1061 ad
1234 1009 1360 1080 tempus
1373 1000 1484 1082 quodni

654 1108 860 1169 internodium
875 1108 986 1168 dotum.

224 1297 400 1383 Designent
422 1294 457 1358 H
480 1296 506 1372 Ι,
531 1295 547 1358 I
564 1294 606 1371 K,
633 1294 666 1359 K
681 1295 720 1372 L,
744 1296 773 1359 L
790 1295 829 1358 M
851 1308 992 1378 tempora
1012 1296 1094 1358 inter
1115 1295 1372 1360 observationes
1395 1295 1473 1371 HA,

182 1408 198 1471 I
218 1407 256 1483 B,
283 1404 314 1468 K
331 1405 369 1481 C,
393 1404 423 1468 L
445 1405 488 1479 D,
514 1404 553 1467 M
577 1403 605 1467 E
627 1404 805 1468 observatas
828 1405 963 1489 quinque
984 1404 1203 1491 longitudines
1228 1418 1379 1482 cometa,
1401 1405 1471 1469 HS

267 1639 775 1705 b‘tb3b4b5b

341 1822 475 1876 etc
534 1823 586 1876 Sc
650 1824 703 1876 tc

515 2330 533 2392 f

181 2580 304 2651 tempus
331 2565 439 2628 datum
461 2566 541 2629 inter
564 2564 810 2629 observationem
831 2562 964 2648 primam
990 2575 1022 2626 et
1045 2561 1290 2648 longitudinem
1314 2562 1451 2651 qimam

183 2673 225 2737 Et
253 2675 280 2736 si
308 2694 365 2756 per
393 2683 510 2756 puncta
540 2672 580 2748 A,
609 2672 648 2748 B,
674 2671 712 2748 C,
740 2671 784 2747 D,
812 2669 841 2734 E
870 2668 942 2733 duci
973 2667 1166 2754 intelligatur
1198 2691 1303 2734 curva
1331 2667 1454 2758 regulum

183 2782 259 2848 AB
277 2782 305 2847 C
320 2782 354 2846 D
371 2780 419 2857 E3
436 2794 468 2844 et
480 2802 537 2866 per
553 2781 685 2844 Lemma
700 2780 841 2864 superius
861 2778 1036 2841 inveniatur
1050 2777 1119 2861 ejus
1134 2777 1318 2843 ordinatim
1332 2777 1458 2864 appliottt

184 2891 215 2954 Β,
233 2890 265 2966 S,
283 2889 344 2953 erit
360 2889 391 2952 R
407 2888 430 2953 S
444 2887 608 2975 longitudo
622 2887 760 2972 quaesita.

225 2995 347 3061 Etdem
369 2994 519 3058 methodo
540 3017 580 3058 ex
595 2992 765 3058 observatis
780 2991 916 3078 quinque
936 2987 1151 3054 latitudinibus
1173 2986 1341 3057 invenitur
1353 2990 1461 3055 latitudo

184 3105 223 3167 ad
239 3117 360 3187 tempus
375 3102 491 3164 datum.

224 3212 262 3296 (¹)
281 3213 314 3276 Si
330 3211 559 3297 longitudinum
574 3210 804 3274 observatorum
819 3230 925 3293 parvae
941 3209 1002 3271 sint
1017 3206 1218 3285 differentiae,
1237 3209 1317 3293 putri
1332 3208 1461 3296 graduum

181 3334 302 3383 tantum
318 3329 337 3382 4
353 3319 402 3381 vel
419 3328 455 3393 53
473 3317 649 3380 suffecerint
664 3318 894 3380 observationes
910 3328 970 3379 tres
986 3315 1035 3377 vel
1050 3328 1189 3398 quatuor
1205 3316 1249 3378 ad
1266 3315 1461 3380 inveniendam

181 3427 409 3514 longitudinem
431 3439 463 3489 et
483 3425 677 3489 latitudinem
698 3449 820 3490 novam.
868 3426 925 3490 Sin
946 3425 1076 3507 majores
1097 3423 1160 3485 sint
1185 3424 1387 3502 differentiae,
1406 3422 1462 3509 poti

180 3537 336 3623 graduum
354 3546 393 3600 10
409 3536 458 3598 vel
474 3543 526 3612 20,
544 3535 704 3598 debebunt
719 3536 947 3599 observationes
963 3535 1098 3620 quinqua
1113 3533 1276 3599 adhiberi.

222 3774 258 3836 (ι)
281 3778 333 3821 1³7.
360 3776 372 3804 ⁹
396 3777 421 3821 Si
442 3777 613 3834 longitudinum
632 3776 809 3828 observatorum,
843 3774 920 3834 plures
939 3773 1107 3820 observationes
1125 3784 1149 3820 et
1167 3779 1313 3834 parabolam
1330 3779 1424 3839 plurium
1435 3772 1461 3817 ffi-

183 3842 256 3900 (patot
273 3853 315 3898 per
333 3846 382 3883 not.
404 3838 429 3883 in
451 3839 504 3884 Cor.
526 3837 646 3897 printed).
682 3839 811 3885 Methodut
843 3839 998 3894 mensionum,
1015 3837 1051 3884 vel
1067 3843 1462 3897 peraesousenaionatunuu

184 3901 312 3949 Lemmatis
328 3902 484 3960 praecedentis,
500 3918 553 3962 quae
569 3902 693 3948 methodus
709 3903 809 3963 interpo-
842 3914 865 3948 et
882 3901 1012 3961 parabolam
1023 3902 1137 3959 tonicam,
1156 3904 1194 3948 uti
1208 3906 1398 3954 secitHalleius.
1427 3903 1462 3945 t't·

181 3967 294 4013 lttionum
311 3966 357 4012 dici
373 3965 439 4022 solet,
456 3966 481 4011 in
497 3969 565 4012 robus
581 3967 740 4012 astronomicis
751 3982 808 4012 usus
839 3966 893 4012 ritrn
912 3967 936 4012 in
951 3981 1098 4029 quocumque
1118 3982 1174 4012 casu
1196 3970 1344 4018 adhibeatur
1361 3967 1462 4027 interd»

182 4032 265 4078 habere
281 4039 355 4089 potest
372 4030 476 4076 eximios.
514 4030 585 4076 Hanc
596 4030 732 4076 methodum
743 4031 807 4077 adbi-
840 4031 932 4076 tionum
944 4029 1073 4082 methodus,
1089 4042 1182 4089 oportet
1194 4033 1461 4082 differentium

182 4094 233 4140 buit
243 4093 328 4140 clariss
342 4094 447 4140 hleierus
458 4094 526 4140 Tom.
538 4094 575 4141 11.
589 4095 720 4140 Commcnt
735 4094 807 4141 Acad.
841 4095 977 4140 sensibiliter
995 4094 1092 4154 majores
1111 4110 1163 4140 esse
1183 4100 1308 4144 erroribus
1324 4101 1365 4160 qui
1386 4100 1408 4143 in
1426 4090 1460 4152 itti

185 4158 302 4217 Pctropol.
311 4158 340 4204 ad
348 4158 512 4219 investiganda
517 4158 671 4204 Solstitiorum
679 4159 808 4205 Momenta.
841 4159 999 4205 observatione
1009 4157 1122 4204 committi
1139 4174 1251 4217 potsunt,
1270 4162 1317 4210 hie
1327 4175 1405 4210 nutem
1415 4157 1460 4207 ὦ

184 4221 253 4267 Circi
268 4230 361 4282 tempus
377 4222 467 4268 solstitii
484 4224 633 4269 observentur
648 4222 732 4283 aliqum
751 4223 810 4269 Solis
843 4223 889 4268 bitti
909 4223 971 4279 curt,
989 4223 1043 4269 sutis
1063 4234 1171 4269 accurate
1195 4224 1352 4274 detenuimri
1373 4232 1459 4286 prm!

183 4283 316 4331 altitudines
332 4286 474 4342 meridiane,
491 4286 588 4347 illasque
606 4286 667 4332 Solis
677 4286 810 4333 altitudines
842 4286 941 4346 plurime
957 4286 1101 4333 astronomiae
1117 4287 1282 4345 phanomena
1299 4308 1354 4353 qut
1368 4290 1411 4336 atii
1423 4288 1460 4346 φ·

182 4359 345 4406 repraesentent
355 4349 462 4411 quadam
471 4350 589 4406 ordinato,
601 4361 624 4396 et
635 4361 738 4410 tempora
749 4354 809 4397 inter
842 4352 895 4396 dem
908 4350 1192 4397 viisorentdeterminatu
1201 4354 1357 4402 difficillima.
1378 4355 1457 4413 Eiet*

182 4413 349 4460 observationes
358 4415 435 4472 elapsa
442 4414 600 4461 ordinatarum
611 4415 737 4461 intervallis
743 4415 807 4461 exhi·
840 4416 956 4461 tissimum
968 4416 1070 4476 ejusdem
1083 4415 1185 4460 methodi
1204 4419 1347 4478 exemplum
1357 4418 1415 4465 dedit
1423 4426 1457 4459 ⁶¹·

182 4476 285 4520 beantur.
318 4478 412 4524 Deinde
421 4488 520 4524 transeat
530 4478 637 4537 parabole
647 4495 689 4538 per
700 4480 806 4526 extremi·
840 4482 902 4525 mius
923 4490 1042 4540 geometra
1066 4479 1098 4524 D.
1122 4479 1233 4527 Clairaut
1256 4483 1280 4527 in
1308 4485 1376 4529 Μαι.
1399 4478 1453 4528 Pi*

182 4547 240 4610 tates
261 4538 425 4597 ordinatarum,
448 4544 547 4587 abscissa
574 4559 626 4603 qum
647 4543 809 4602 correspondet
839 4542 1212 4598 an.1756,ubidtterminandoe
1225 4547 1321 4592 Telluri
1334 4547 1454 4609 figunt*

182 4615 285 4646 mmtmoe
296 4604 413 4658 ordinate,
431 4617 522 4665 tempus
532 4605 621 4653 solstitii
638 4606 804 4655 determinabit.
839 4607 896 4653 dum
908 4608 1002 4666 exponit
1013 4621 1040 4652 ex
1052 4607 1163 4652 mensuri
1180 4609 1288 4666 plurium
1302 4608 1415 4657 merid'nfl'
1427 4617 1452 4650 Ι·

184 4665 300 4713 ceterum
326 4666 416 4713 definiri
444 4679 517 4728 potest
539 4681 631 4731 tempus
652 4671 741 4719 solstitii
767 4686 809 4732 per
839 4685 911 4718 cuum
923 4671 948 4716 in
958 4671 1053 4717 dirersis
1064 4669 1231 4719 latitudinibus
1242 4674 1320 4734 opti.
