3330 5692
79 564 162 631 Cn.
182 566 244 646 11.]
462 569 528 635 AI)
551 570 773 639 TERTIUM
798 573 995 641 LIBRUM.

601 1105 777 1183 CAPUT
804 1107 856 1181 ΙΙ.

217 1396 377 1466 Sidemm
392 1393 557 1487 rffractio
573 1406 610 1470 et
619 1399 813 1492 paraliam
829 1400 978 1472 breviter
993 1399 1219 1493 explicantur.

74 1691 130 1747 28.
154 1655 225 1752 Su·
247 1680 287 1744 M
312 1679 343 1743 N
363 1679 460 1765 plana
480 1685 660 1770 superficies
682 1686 744 1774 qui
766 1691 821 1751 air
842 1688 943 1751 rarior
965 1687 1005 1752 M
1021 1686 1053 1752 O
1070 1687 1098 1752 P
1113 1685 1146 1751 N
1165 1689 1268 1750 airam
1288 1683 1365 1748 den-

75 1790 191 1854 siorem
217 1788 380 1876 contingit.
428 1791 549 1856 Radius
576 1792 655 1858 lucis
679 1816 738 1878 per
762 1806 881 1859 rectam
907 1795 938 1858 A
962 1794 991 1860 C
1011 1804 1202 1882 propaganis
1228 1814 1269 1856 ex
1293 1795 1366 1855 nire

79 3820 186 3885 rarioii
207 3822 242 3883 in
263 3818 441 3882 denslorem
456 3813 582 3902 obliqui
596 3825 735 3879 transeat
753 3835 811 3899 per
831 3825 984 3900 punctum
1001 3816 1029 3881 C
1044 3828 1076 3880 et
1089 3817 1163 3882 indi
1176 3817 1295 3886 feratm
1307 3847 1365 3910 per

78 3928 157 4008 CF,
179 3950 239 4015 per
256 3927 285 3993 C
306 3926 439 3991 ducatur
462 3922 590 3988 BEnd
613 3923 653 3988 M
675 3921 709 3987 N
728 3922 1004 4009 perpendicularis,
1029 3927 1218 4011 experientii
1245 3945 1364 3998 certum

80 4048 126 4100 oet
146 4034 272 4100 radium
295 4033 326 4098 A
349 4032 378 4098 C
398 4032 433 4096 in
454 4033 526 4096 aire
548 4029 686 4095 densiori
706 4051 772 4094 non
792 4032 962 4120 propagari
975 4054 1033 4118 per
1047 4048 1164 4099 rectam
1186 4041 1364 4106 oontinunm

80 4146 109 4209 A
125 4144 154 4209 C
169 4144 214 4221 D,
239 4141 296 4206 sed
316 4141 350 4205 in
362 4149 482 4226 puncto
498 4132 585 4204 citi
599 4136 738 4226 refrangi
750 4159 809 4223 per
824 4138 853 4204 C
868 4137 896 4204 F
912 4139 1090 4204 accedendo
1104 4141 1144 4206 ad
1158 4147 1364 4230 perpendicu.

77 4246 371 4325 luemBCRut
391 4245 1365 4344 sinusnngnlicujusvisACBsitsemperndsinumanguli

77 4359 105 4424 E
126 4359 156 4424 C
179 4357 207 4422 F
228 4356 263 4419 in
285 4354 358 4419 dan
379 4355 509 4420 ratione.
555 4355 584 4417 A
602 4352 760 4419 edicitur
774 4351 881 4417 radius
895 4352 1045 4432 incidens,
1072 4355 1099 4420 C
1120 4371 1272 4444 punctum
1286 4363 1363 4427 inci.

75 4450 206 4543 dentiaess
218 4464 247 4530 C
260 4463 289 4528 F
305 4461 411 4528 radius
425 4461 587 4539 refractus,
601 4461 633 4526 A
647 4460 674 4525 C
687 4459 716 4524 B
731 4459 864 4548 angulus
878 4459 1095 4542 inclinationis,
1109 4463 1139 4529 E
1152 4466 1180 4530 C
1193 4465 1220 4530 F
1231 4469 1363 4556 angulus

76 4578 235 4654 refractus,
252 4587 285 4640 et
299 4575 334 4640 D
351 4574 378 4639 C
394 4573 422 4640 F
438 4572 572 4662 angulus
585 4569 778 4636 refractionis

703 4913 741 4963 M
