3330 5692
86 607 169 672 Car.
185 606 231 685 1.]
450 601 516 667 AI)
539 595 761 666 TERTIUM
784 595 982 662 LIBRUM.
1315 593 1373 659 xix

83 776 261 844 differentia
285 773 520 863 longitudinum
546 773 707 836 stellarum
736 770 829 835 Det
859 768 900 843 ὃς
933 766 985 830 hoe
1009 777 1113 829 autem
1143 765 1374 830 observationes

83 887 306 951 mundamur
336 896 493 947 astrorum
522 882 603 945 inter
632 902 665 944 se
693 890 823 963 propter
850 889 1006 940 astrorum
1035 873 1215 937 continuam
1244 896 1374 938 conver·

83 997 206 1061 sionem
220 1015 287 1057 nou
301 990 392 1056 sacili
407 991 448 1054 nd
462 1011 616 1055 summam
632 987 799 1052 acribciam
812 983 1038 1071 perducuntur.

128 1109 182 1167 21.
207 1101 257 1169 Sit
278 1113 308 1162 11
328 1121 346 1163 a
366 1121 395 1162 oe
415 1123 437 1159 τ
457 1119 479 1184 q
499 1097 617 1161 telluris
640 1095 752 1183 globus
774 1115 831 1178 per
852 1093 939 1175 cujus
962 1101 1105 1154 centrum
1126 1086 1159 1151 T
1183 1088 1293 1151 transit
1307 1089 1375 1152 axis

81 1209 197 1274 numdi
220 1209 249 1273 P
269 1228 303 1292 p.
348 1205 428 1271 Loci
449 1228 467 1270 a
490 1206 532 1269 sit
550 1203 682 1269 horizon
704 1200 856 1266 sensibilis
871 1198 894 1261 h
910 1220 937 1277 r,
954 1197 1085 1262 horinon
1105 1195 1263 1260 rationalis
1280 1196 1316 1261 H
1333 1197 1373 1274 R,

81 1330 114 1383 et
136 1315 332 1381 meridianus
355 1314 383 1379 P
405 1305 433 1378 Z
454 1311 493 1378 Η
515 1311 558 1377 Ν.
604 1310 669 1376 His
689 1307 734 1374 itai
755 1308 939 1384 constitutis,
956 1306 1024 1372 uxis
1038 1304 1157 1370 telluris
1172 1291 1288 1368 dicitur
1302 1326 1375 1389 pers

84 3571 111 3623 Π
123 3584 154 3639 s,
176 3561 246 3627 axis
268 3560 379 3627 mtmdi
395 3561 460 3648 Pp
473 3560 592 3626 telluris
608 3561 777 3647 superficie
791 3563 958 3627 terminata
971 3563 1005 3627 in
1018 3562 1144 3649 punctis
1162 3576 1189 3626 11
1203 3573 1236 3627 et
1248 3587 1279 3639 τ,
1302 3584 1374 3650 quae

83 3671 146 3753 poli
165 3686 261 3735 oerrae
281 3683 443 3736 vocantur·
490 3671 587 3736 Polus
610 3685 638 3733 11
660 3671 735 3757 polo
750 3673 869 3736 coelesti
885 3673 912 3737 P
927 3673 1018 3738 nobis
1033 3675 1204 3760 conspicuo
1218 3671 1374 3757 subjectus

83 3777 217 3844 borealis
237 3780 288 3846 vel
309 3782 453 3859 arcticus,
477 3782 556 3845 alter
568 3806 590 3842 s
603 3781 748 3846 australis
762 3781 812 3845 vel
826 3782 1014 3847 antarcticus
1035 3783 1221 3869 appellatur.
1267 3780 1372 3846 Inter·

82 3887 178 3951 sectio
191 3888 280 3973 plani
294 3890 462 3977 aequatoris
473 3889 605 3954 coelestis
615 3891 704 3974 cujus
716 3901 764 3954 est
775 3890 927 3956 diameter
938 3891 984 3956 AE
996 3892 1039 3969 Q,
1052 3914 1124 3956 cum
1136 3890 1254 3956 telluris
1265 3913 1374 3977 super·

82 3994 163 4071 ticie,
179 3996 245 4059 siud
260 3997 395 4062 circulus
409 3997 565 4061 sumimus
580 4019 609 4060 ae
623 4020 638 4061 s
653 4019 675 4084 q
689 4019 722 4075 x,
739 3999 827 4082 cujus
841 3998 909 4082 poli
924 4009 998 4062 sunt
1013 4012 1041 4060 Π
1055 4010 1087 4063 et
1101 4025 1130 4075 e,
1144 3996 1258 4062 dicitur
1268 4020 1374 4085 oequa·

81 4118 133 4167 tor
145 4108 302 4172 terrestria
324 4120 379 4172 aut
400 4108 494 4173 etiam
509 4106 643 4172 circulus
664 4108 889 4193 aequinoctialis
904 4107 953 4173 vel
968 4111 1026 4169 aar·
1042 4109 1135 4190 ἐξοχὴν
1148 4106 1240 4171 linas„
1285 4107 1374 4172 Lati-

82 4212 160 4278 tudo
180 4214 244 4280 loci
265 4217 400 4302 cujusvis
422 4239 440 4281 a
461 4218 495 4280 in
516 4217 681 4302 superficie
702 4229 795 4280 terrae
817 4228 865 4282 est
886 4217 1033 4282 distantia
1054 4218 1119 4303 ejus
1141 4217 1182 4282 ab
1203 4228 1373 4304 oequatore,

82 4321 146 4385 sivs
160 4335 210 4388 ast
222 4325 389 4390 meridiani
403 4327 559 4391 terrestris
573 4348 664 4390 arcus
679 4348 696 4390 z
711 4349 740 4390 oe
754 4328 835 4391 mter
850 4328 956 4393 locum
970 4350 987 4392 z
1002 4339 1034 4392 et
1047 4340 1240 4414 oequmomm
1252 4349 1280 4390 ω
1294 4347 1375 4413 sqx

82 4428 282 4514 interceptus.
330 4430 426 4496 Unde
447 4444 534 4517 patet
554 4431 751 4497 latitudinem
771 4434 834 4498 loci
856 4457 873 4497 z
895 4435 929 4498 in
951 4435 1116 4517 superficie
1130 4448 1227 4499 terroe
1241 4453 1374 4497 nurnero

82 4536 239 4624 graduum
262 4539 415 4625 oequalem
437 4562 506 4604 esse
527 4539 728 4605 declinationi
750 4541 868 4606 coelesti
888 4541 1011 4606 verticis
1029 4542 1055 4606 Z
1070 4542 1209 4628 ejusdem
1223 4540 1295 4618 loci,
1319 4562 1373 4604 seu

82 4642 247 4708 dammi
269 4645 335 4729 poli
363 4645 391 4710 P
415 4646 455 4710 R.
500 4646 584 4710 Nam
606 4669 697 4711 arcus
722 4647 749 4711 P
776 4647 806 4709 R
828 4659 860 4710 et
883 4646 909 4711 Z
932 4646 986 4723 AE,
1011 4660 1085 4711 sunt
1105 4647 1242 4734 aequales
1258 4647 1326 4730 (10)
1344 4659 1376 4711 et

83 4776 171 4818 ereum
188 4755 215 4819 Z
231 4754 277 4819 AE
291 4778 329 4820 ac
343 4778 360 4819 a
375 4778 404 4819 oe
418 4755 554 4832 similem
576 4777 633 4840 per
647 4755 752 4820 locum
767 4756 800 4818 in
815 4754 980 4840 superficie
994 4769 1088 4821 terrae
1101 4779 1161 4842 pro
1176 4755 1306 4819 arbitrio
1320 4754 1375 4818 dc-

84 4867 283 4931 terminatum
306 4865 440 4931 dueatur
461 4865 651 4930 meridianus
676 4879 702 4926 11
726 4888 742 4927 r
763 4891 784 4925 τ
805 4877 995 4951 aquatorem
1017 4888 1046 4932 ae
1069 4887 1155 4952 sqx
1171 4885 1280 4929 secans
1294 4863 1373 4935 inr:

705 4973 752 5017 aa
893 5002 898 5017 .
