3330 5692
458 554 649 622 rnuxus
671 556 732 622 nc
756 555 1011 624 asrsuxus
1033 523 1208 623 naam
1407 568 1468 626 aa

181 723 284 810 spatio
303 746 330 791 a.
343 736 453 788 centro
474 726 634 812 gravitatis
655 726 776 790 interea
795 746 946 811 percurso
960 737 1008 789 est
1020 724 1231 790 aestnnandus.
1276 726 1354 791 Hoc
1374 727 1470 815 igitur

181 853 266 908 casu,
289 853 351 916 quo
373 830 485 896 Terroe
500 829 698 916 superficiem
712 831 845 896 solidam
859 833 901 898 ad
915 855 948 895 m
961 854 984 895 n
998 855 1097 919 usque
1117 833 1295 920 pertingere
1309 836 1468 920 ponimus,

180 939 355 1026 reperietur
369 953 512 1005 centrum
526 942 686 1030 gravitatis
700 965 809 1007 massae
824 965 847 1006 n
863 943 890 1007 F
906 943 945 1008 M
959 966 992 1007 m
1005 942 1069 1008 fere
1083 942 1173 1029 aeque
1188 944 1328 1008 celeriter
1342 967 1470 1030 promo·

180 1049 247 1113 veri
269 1047 385 1113 debere
407 1070 445 1113 ao
464 1061 617 1134 punctum
632 1051 674 1128 A,
695 1073 736 1114 ex
751 1073 814 1136 quo
828 1050 894 1136 ejus
909 1050 1049 1115 celeritas
1063 1062 1151 1114 tanta
1164 1073 1231 1115 esse
1245 1050 1383 1129 deberet,
1408 1052 1469 1138 quai

180 1174 323 1247 tempore
337 1162 431 1226 unius
445 1161 533 1225 horae
544 1163 679 1247 spatium
689 1161 753 1226 ferd
765 1171 804 1226 15
816 1160 973 1250 graduum·
985 1182 1167 1245 percurrere
1180 1173 1296 1246 posset,
1308 1184 1379 1247 quae
1389 1161 1469 1226 cele·

183 1272 260 1335 ritas
274 1270 415 1358 undique
429 1270 510 1335 foret
520 1271 656 1335 anomia
671 1293 708 1335 ac
723 1269 885 1355 stupenda.
915 1270 960 1334 At
974 1269 1095 1332 aimari
1112 1267 1356 1355 profunditatem
1371 1272 1470 1355 majo·

179 1402 248 1443 rem
263 1378 447 1456 tribuamus,
469 1378 586 1445 scilicet
600 1378 641 1442 ad
660 1404 684 1455 μ
703 1405 713 1439 ν
735 1400 842 1463 usque,
866 1390 933 1442 tum
946 1376 1001 1442 illa
1014 1376 1156 1441 celeritas
1170 1374 1270 1441 multo
1286 1376 1341 1441 fiet
1354 1378 1468 1456 minor,

179 1486 339 1552 decrescet
352 1509 486 1573 namque
499 1486 533 1549 in
548 1486 658 1551 eadem
671 1488 792 1551 ratione
807 1488 840 1550 in
851 1509 913 1573 qua
925 1485 1121 1571 profunditas
1130 1487 1251 1551 crescit
1279 1486 1362 1550 Cum
1372 1488 1469 1573 igitur

179 1595 321 1659 celeritas
342 1595 447 1670 maris,
470 1616 541 1679 quae
566 1592 638 1659 ante
659 1596 693 1659 in
708 1618 742 1660 se
756 1607 894 1679 spectata
907 1597 1035 1660 inventa
1049 1608 1096 1659 est
1109 1596 1229 1660 cosinui
1251 1595 1340 1681 dupli
1362 1596 1469 1684 anguli

182 1703 222 1769 M
241 1703 269 1769 C
286 1705 316 1769 A
331 1702 585 1789 proportionalis,
602 1702 641 1768 ed
656 1703 711 1768 fiat
725 1705 838 1782 minor,
862 1726 924 1790 quo
939 1705 1088 1789 majorem
1100 1725 1187 1768 mare
1203 1702 1318 1768 habeat
1338 1703 1469 1790 profun-

180 1813 321 1890 ditatem,
351 1813 537 1878 tenebitea
567 1813 600 1875 in
629 1835 752 1898 quoque
777 1812 847 1876 loco
872 1812 1024 1877 rationem
1048 1811 1252 1896 compositam
1278 1834 1318 1875 ex
1346 1813 1470 1876 ratione

179 1918 300 1987 directi
315 1920 440 1984 cosinlrs
455 1920 544 2004 dupli
558 1921 665 2009 anguli
681 1920 721 1985 M
734 1922 804 1986 CA
819 1933 911 2007 atque
926 1943 966 1985 ex
981 1920 1103 1985 inversi
1119 1919 1350 2006 profunditatis.

228 2032 254 2110 ᾗ.
270 2035 322 2092 95.
346 2026 452 2091 Datur
466 2039 570 2090 autem
584 2026 663 2090 alius
677 2026 789 2090 modus
805 2027 993 2091 celeritatem
1008 2027 1102 2089 maris
1117 2025 1351 2104 horizontalem,
1367 2026 1467 2110 posits

180 2133 309 2212 scilicet,
325 2133 442 2219 ubique
462 2132 674 2217 profunditate
689 2132 810 2210 eidem,
826 2132 1064 2210 determinandi,
1088 2134 1141 2218 qui
1156 2146 1260 2198 tamen
1274 2133 1315 2197 ad
1330 2134 1468 2199 diversas

177 2239 406 2326 profunditates
427 2254 523 2326 patet,
547 2242 573 2304 si
595 2264 666 2306 cum
688 2242 809 2306 ratione
829 2240 1015 2305 inveniendi
1031 2243 1258 2328 conjungamus
1273 2243 1468 2328 reciprocum

180 2349 431 2435 profunditatum
445 2350 491 2414 uti
505 2349 634 2413 fecimus
642 2373 651 2426 ;
675 2349 901 2435 deduciturque
915 2349 966 2412 hic
982 2349 1093 2412 modus
1109 2372 1149 2413 ex
1162 2363 1250 2414 motu
1265 2352 1360 2415 maris
1375 2353 1469 2416 verti·

179 2460 250 2538 cali,
277 2481 342 2546 quo
364 2458 462 2523 modd
488 2457 627 2523 ascendit
651 2456 748 2522 modb
773 2456 943 2534 descendit,
967 2458 1021 2543 qui
1037 2459 1103 2541 jam
1126 2457 1220 2542 suprai
1242 2470 1289 2521 est
1310 2459 1467 2524 definitus.

186 2570 298 2636 Primo
324 2572 407 2636 enim
431 2567 630 2633 manifestum
655 2577 712 2645 est,
740 2566 766 2630 si
789 2587 875 2628 mare
891 2565 1005 2651 ubique
1027 2564 1137 2629 eidem
1161 2564 1328 2642 celeritate,
1354 2567 1468 2651 (positia

182 2678 396 2764 profunditate
411 2678 526 2764 ubique
541 2676 667 2763 aequali)
689 2675 722 2738 in
737 2675 869 2739 eandem
883 2673 1008 2761 plagam
1022 2687 1269 2758 promoveretur,
1292 2687 1360 2738 tum
1374 2676 1469 2740 etiam

183 2789 380 2854 altitudinem
402 2809 584 2851 mansuram
605 2809 672 2850 esse
693 2785 826 2849 eandem
841 2785 966 2870 ubique,
989 2807 1092 2871 neque
1107 2785 1203 2849 ullam
1216 2787 1421 2850 mutationem
1435 2787 1468 2850 in

181 2899 354 2963 elevatione
368 2919 458 2983 aquae
474 2908 613 2959 orturam
628 2916 704 2959 esse.
746 2896 791 2959 At
806 2895 832 2958 si
847 2918 928 2981 aqua
941 2906 1029 2960 motu
1043 2895 1222 2981 inaequabili
1236 2895 1467 2983 progrediatur,

180 3003 382 3070 manifestum
402 3016 449 3068 est
470 3003 508 3066 iis
529 3003 562 3065 in
584 3001 670 3083 locis,
693 3002 748 3065 ubi
769 3002 909 3066 celeritas
931 3003 1124 3081 diminuitur,
1152 3026 1266 3090 aquam
1290 3017 1468 3092 turgescere

181 3128 276 3202 atque
303 3114 383 3178 adeo
408 3112 523 3177 elevari
548 3111 673 3188 debere,
700 3111 848 3195 quoniam
876 3111 947 3196 plus
974 3135 1064 3197 aquae
1089 3110 1189 3175 affluit
1213 3111 1308 3198 quam
1336 3112 1446 3177 defluit
1458 3136 1468 3189 3

182 3219 294 3286 contri
314 3218 390 3285 verb
412 3219 469 3284 ubi
491 3218 631 3282 celeritas
653 3238 743 3303 aquae
766 3232 893 3294 crescat,
920 3219 963 3282 ibi
984 3242 1097 3304 aquam
1126 3219 1286 3284 subsidere
1312 3234 1467 3304 oportere.

182 3327 291 3404 Quare
314 3324 387 3391 crim
410 3325 540 3389 elevatio
563 3336 594 3388 et
616 3323 773 3407 depressio
795 3325 889 3388 maris
904 3347 923 3388 a
937 3324 1040 3389 motirs
1054 3327 1244 3413 progressivi
1265 3326 1468 3391 horizontalis

181 3432 391 3521 inequalitate
405 3431 549 3517 pendeat,
566 3430 672 3494 licebit
685 3452 745 3514 pro
760 3432 868 3517 quovis
883 3431 953 3495 loco
966 3432 1048 3496 hanc
1066 3433 1310 3519 inaequalitatem
1325 3434 1467 3512 definire,

184 3563 221 3606 ex
241 3552 333 3606 motu
361 3538 508 3604 ascenslrs
531 3549 562 3600 et
583 3535 749 3600 descensus
771 3539 907 3623 cognito.
964 3537 1047 3603 cum
1067 3540 1149 3603 enim
1166 3540 1307 3605 celeritas
1322 3541 1468 3606 ascensirs

187 3650 221 3714 sit
241 3648 442 3713 decremento
464 3646 629 3710 celeritatis
650 3647 857 3732 progressivae
879 3645 1017 3731 aequalis,
1040 3647 1181 3711 celeritas
1203 3647 1372 3712 descensis
1394 3649 1469 3713 verb

189 3753 374 3821 incremento
397 3752 562 3818 celeritatis
582 3753 798 3838 progressivae,
826 3773 866 3816 ex
888 3751 961 3815 dato
986 3766 1073 3817 motu
1096 3753 1233 3817 verticuli
1262 3754 1342 3818 ratio
1366 3754 1470 3820 motits

191 3859 386 3927 horinontalis
411 3858 536 3924 definiri
560 3859 685 3942 poterit.
741 3858 920 3922 Invenimus
946 3870 1050 3923 autem
1075 3857 1169 3943 supri
1192 3865 1216 3941 l.
1243 3869 1295 3938 84,
1326 3860 1352 3924 si
1377 3861 1471 3925 Luna

193 3970 387 4035 ameridiano
412 3965 520 4032 versris
546 3988 691 4030 occasum
711 3968 777 4051 jam
796 3966 923 4031 recessit
940 3967 1055 4054 angulo
1076 3990 1104 4047 z,
1126 3967 1187 4031 hoc
1209 3981 1255 4032 est
1284 3966 1358 4032 crim
1382 3971 1470 4057 regio

189 4077 343 4160 proposita
370 4075 409 4138 ab
435 4073 482 4151 el,
509 4073 543 4136 in
567 4071 628 4159 quir
655 4095 735 4158 aqua
759 4085 805 4136 est
830 4095 960 4150 summa,
988 4071 1095 4138 verstis
1121 4075 1273 4138 orientem
1298 4075 1470 4141 secunddnr

187 4179 413 4273 longitudinem
438 4183 532 4246 distet
558 4179 673 4269 angulo
699 4203 726 4257 z,
756 4179 823 4244 fore
848 4181 1037 4246 celeritatem
1061 4182 1122 4269 quai
1151 4205 1232 4269 aqua
1260 4183 1400 4248 ascendit
1433 4211 1465 4245 =

186 4303 558 4479 *fihf—g-l———q
367 4292 523 4482 Psslein·
538 4313 556 4353 Ζ
572 4367 616 4379 -
634 4285 935 4473 εἶθ-919*
783 4286 904 4476 23¹3)ss
918 4311 946 4393 Ζ·
1005 4330 1113 4406 Quare
1134 4328 1206 4395 crim
1227 4329 1301 4395 huic
1322 4330 1471 4395 celeritati

186 4499 328 4565 scensas
356 4499 590 4586 proportionale
616 4499 656 4563 sit
680 4497 913 4561 decrementum
943 4501 1047 4567 motias
1076 4501 1286 4579 horizontalis,
1317 4502 1376 4566 erit
1403 4502 1472 4587 ipsa

185 4641 323 4713 celeritas
343 4647 544 4712 horizontalis
559 4646 666 4711 versris
681 4666 826 4710 occasum
842 4657 877 4709 ut
889 4606 1413 4772 ψ
1434 4655 1467 4722 -Ι-
