3330 5692
557 514 618 580 ET
644 518 896 583 REFLUXUS
921 519 1079 584 MARlS.
1398 531 1456 586 211

688 764 872 839 SECTlO
900 766 949 838 ll.

694 962 943 1027 PRINClPlA.

213 1139 436 1205 Phaenomenis
452 1156 545 1206 oestus
560 1145 654 1208 maris
670 1148 889 1235 insignioribus
904 1153 1039 1215 breviter
1054 1153 1221 1228 recensitis,
1239 1157 1456 1240 progredimur

166 1244 209 1307 ad
231 1251 394 1335 principia,
418 1251 502 1316 unde
517 1252 630 1318 horum
647 1257 725 1320 ratio
740 1272 787 1322 est
802 1259 970 1325 reddenda.
1017 1263 1126 1326 Liceat
1141 1276 1245 1326 tamen
1261 1265 1385 1348 praefari
1398 1290 1455 1330 no-

166 1358 351 1423 bilissimam
367 1360 502 1446 quidem,
519 1364 575 1427 sed
589 1365 680 1428 simul
695 1367 907 1434 difficillimam
923 1395 991 1437 esse
1006 1373 1087 1436 hanc
1102 1373 1309 1458 philosophiae
1322 1389 1453 1461 partem,

166 1490 238 1551 quae
253 1467 535 1552 phaenomenomm
550 1496 657 1538 causas
673 1477 837 1565 investigat
851 1495 882 1544 et
902 1483 1046 1566 explicat.
1093 1484 1140 1547 Ea
1155 1497 1201 1548 est
1215 1499 1335 1549 naturoe
1357 1488 1454 1551 subti-

165 1578 247 1655 litas,
264 1592 299 1642 ut
313 1602 379 1642 non
391 1582 431 1644 sit
441 1581 555 1645 mirum
567 1606 674 1648 causas
688 1588 861 1670 primarias,
875 1591 1031 1654 solertiam
1046 1591 1303 1677 philosophorum
1318 1595 1454 1679 plerum·

165 1709 229 1771 que
252 1685 399 1774 effugere.
448 1688 513 1764 Qui
536 1693 675 1755 omnium
702 1693 981 1776 phaenomenorum
1006 1701 1151 1777 rationes,
1179 1724 1345 1786 exponere,
1374 1705 1452 1768 inte-

165 1817 320 1883 gramque
346 1819 509 1861 causarum
533 1801 645 1864 seriem
670 1803 760 1866 nobis
786 1805 934 1870 exhibere
957 1809 989 1870 in
1012 1831 1045 1872 se
1068 1825 1281 1894 susceperunt,
1309 1814 1353 1876 illi
1371 1814 1453 1879 certe

165 1905 288 1992 magnis
304 1907 367 1969 suis
383 1908 466 1970 ausis
486 1908 647 1995 hucusque
661 1913 853 1977 exciderunt.
902 1916 1134 2001 Philosophiam
1150 1919 1275 2003 quidem
1293 1921 1452 2005 perfectis-

166 2015 277 2078 simam
294 2016 352 2078 viri
373 2017 534 2080 clarissimi
557 2019 616 2082 sibi
637 2038 868 2104 proposuerunt
883 2026 1112 2102 exstruendam,
1130 2027 1252 2112 qualem
1267 2040 1372 2092 tamen
1393 2030 1452 2093 hu-

165 2146 267 2188 manae
283 2127 359 2190 sorti
375 2141 553 2209 competere
566 2127 612 2190 fas
627 2142 674 2192 est
689 2130 839 2194 dubitare.
887 2135 1019 2198 Praestat
1033 2135 1128 2222 igitur
1143 2148 1299 2198 tantorum
1314 2138 1452 2201 virorum

167 2255 314 2296 successu
328 2232 431 2296 mimis
446 2233 528 2296 felici
551 2235 687 2314 edoctos,
711 2239 808 2322 ipsius
822 2255 943 2304 nuturoe
959 2243 1087 2328 vestigia
1101 2243 1189 2307 caute
1204 2258 1236 2307 et
1256 2243 1338 2307 lente
1353 2248 1451 2331 sequi.

165 2341 264 2417 Quod
287 2336 313 2404 si
336 2341 544 2424 phaenomena
558 2343 598 2406 ad
612 2346 770 2430 generalia
784 2348 927 2432 quaedam
948 2349 1100 2432 principia
1115 2349 1263 2413 reducere
1284 2353 1448 2434 possimus,

164 2448 341 2533 horumque
362 2448 443 2511 vires
465 2449 584 2512 calculo
606 2451 779 2537 subjicere,¹
791 2453 876 2517 hisce
896 2454 1045 2541 gradibus
1061 2455 1194 2539 aliquam
1210 2478 1291 2518 verae
1313 2457 1450 2540 philoso-

164 2557 247 2641 phiae
274 2571 395 2648 partem
421 2582 638 2644 assequemur3
666 2585 736 2647 quoe
762 2560 886 2648 quidem
909 2585 1020 2627 manca
1045 2586 1099 2627 seu
1125 2563 1305 2649 imperfecta
1331 2567 1398 2643 erit,
1424 2570 1449 2631 si

165 2669 304 2752 ipsorum
327 2670 553 2753 principiorum
576 2693 677 2733 causoe
699 2671 832 2747 lateant3
863 2685 949 2734 tanta
970 2685 1074 2761 tamen
1097 2673 1176 2735 inest
1199 2695 1303 2736 rerum
1328 2688 1449 2737 naturae

165 2791 320 2855 venustas,
344 2791 379 2842 ut
401 2802 439 2841 ea
458 2800 531 2862 pars
553 2777 646 2864 longe
669 2793 795 2863 proestet
816 2780 1022 2845 subtilissimis
1045 2781 1181 2844 virorum
1201 2781 1449 2845 acutissimorum

164 2889 357 2952 commentis.

208 2994 319 3060 Motus
336 2996 429 3058 maris
445 2996 541 3058 cuivis
558 2995 606 3057 vel
621 2995 729 3057 leviter·
743 2995 948 3078 perpendenti
963 2994 1159 3058 manifestum
1175 3008 1220 3058 est
1240 2990 1447 3074 luminarium,

165 3100 265 3165 Lunae
280 3087 473 3186 praesertim,
487 3102 623 3164 motibus
638 3102 745 3164 affines
761 3123 828 3164 esse
844 3114 875 3165 et
896 3102 1052 3188 analogos.
1099 3102 1217 3165 Eadem
1233 3117 1280 3166 est
1300 3104 1448 3187 periodus

164 3213 267 3277 matris
282 3213 376 3276 maris
392 3202 497 3275 diurni
513 3234 550 3274 ac
573 3212 674 3275 Lunae
689 3209 729 3273 ud
743 3209 948 3274 meridianum
964 3211 1034 3288 loci,
1059 3210 1166 3275 eadem
1181 3212 1283 3276 motirs
1298 3214 1448 3278 menstrui

163 3342 197 3384 ac
220 3321 322 3385 Lunae
345 3319 386 3383 ad
411 3319 535 3394 Solem3
559 3318 718 3402 utriusque
740 3317 901 3381 luminaris
924 3318 970 3380 vis
993 3319 1025 3380 in
1047 3331 1134 3381 motu
1154 3318 1246 3381 maris
1268 3320 1447 3404 generando

163 3425 233 3490 hinc
255 3428 367 3503 elucet,
392 3425 477 3513 qubd
501 3439 594 3487 aestus
610 3425 672 3488 sint
686 3423 818 3508 majores¹
833 3425 896 3509 qub
919 3426 1055 3489 minores
1078 3426 1237 3513 utriusque
1251 3427 1406 3490 distantioe
1428 3452 1446 3492 a

163 3532 283 3609 Terra3
307 3532 386 3596 adeb
409 3548 443 3597 ut
465 3532 567 3594 nullus
590 3531 630 3593 sit
652 3530 816 3594 dubitandi
838 3531 935 3608 locus,
957 3547 1076 3595 motum
1091 3533 1184 3595 maris
1199 3542 1266 3596 esse
1281 3533 1381 3619 ahqui
1396 3556 1446 3598 ra-

163 3639 245 3702 tione
260 3639 302 3702 ad
317 3652 435 3701 motum
454 3639 555 3701 Lunoe
571 3651 603 3700 et
619 3637 700 3701 Solis
716 3638 932 3721 compositum.
972 3638 1090 3713 Quales
1107 3653 1209 3702 autem
1225 3639 1363 3702 dicemus
1377 3639 1445 3704 illas

166 3767 225 3809 esse
247 3747 329 3808 vires
344 3768 416 3830 quae
437 3768 455 3807 a
480 3744 572 3807 Luna
596 3758 627 3806 et
644 3744 717 3808 Sole
738 3759 918 3830 propagatae
942 3750 1008 3829 (aut
1023 3746 1063 3808 ab
1077 3745 1125 3808 his
1141 3747 1244 3830 aliquo
1259 3746 1353 3809 modo
1367 3769 1444 3830 pen-

168 3853 279 3935 dentes)
296 3878 409 3939 aquam
432 3853 479 3916 bis
495 3852 625 3938 singulis
644 3852 754 3915 diebus
777 3852 889 3915 tollunt
905 3865 936 3915 et
950 3853 1144 3936 deprimunt3
1168 3875 1239 3938 quae
1260 3853 1293 3914 in
1313 3853 1444 3939 syzygiis

169 3957 359 4023 luminarium
374 3959 563 4042 conspirant,
580 3956 776 4043 quadraturis
791 3972 950 4044 pugnant;
973 3959 1005 4020 in
1020 3958 1191 4021 minoribus
1207 3958 1366 4042 utriusque
1380 3958 1443 4021 dis-

169 4071 261 4134 tantiis
277 4084 442 4157 augentur,
466 4069 497 4130 in
518 4068 686 4151 majoribus
701 4067 883 4131 minuuntur
890 4092 900 4144 3
923 4090 993 4152 quoe
1009 4069 1040 4130 in
1056 4067 1168 4129 minori
1191 4066 1292 4129 Lunae
1306 4066 1442 4131 declina·

169 4173 242 4239 tione
256 4177 410 4251 fortiores,
427 4176 457 4236 in
475 4175 584 4258 majori
600 4174 765 4237 debiliores
777 4187 866 4249 sunt;
882 4189 913 4238 et
928 4197 1151 4259 nonnunquam
1163 4175 1310 4258 majorem
1321 4189 1441 4238 motum

172 4283 242 4350 cient
255 4287 325 4352 crim
343 4287 444 4352 Solet
460 4287 551 4348 Luna
567 4284 645 4347 infra
660 4284 851 4348 horizontem
864 4284 1088 4368 deprimuntur,
1106 4280 1198 4369 qudm
1214 4279 1285 4344 crim
1302 4283 1333 4344 in
1349 4285 1442 4346 meri-

171 4388 254 4459 diano
267 4397 420 4481 superiori
443 4396 536 4458 ambo
558 4395 766 4457 dominentur.
815 4394 954 4457 Fuerunt
970 4395 1026 4454 viri
1049 4393 1240 4456 celeberrimi
1255 4393 1309 4479 qui
1330 4406 1441 4457 aesturn

175 4505 252 4567 maris
273 4506 434 4590 pressione
451 4503 586 4587 quddam
611 4502 712 4564 Lunae
734 4500 807 4562 cieri
830 4514 988 4583 putarunt.
1035 4498 1154 4562 Verum
1169 4521 1292 4563 causam
1307 4513 1339 4563 et
1352 4523 1440 4563 men·

176 4623 263 4673 suram
277 4613 369 4696 hujus
383 4610 553 4695 pressionis
570 4631 632 4670 non
648 4608 861 4682 ostenderunt,
878 4629 935 4669 nec
950 4628 1012 4690 quo
1028 4618 1118 4689 pacto
1133 4619 1235 4669 motus
1249 4606 1343 4668 maris
1364 4605 1440 4668 varii

179 4703 234 4780 hinc
253 4720 326 4782 oriri
349 4718 470 4801 possint
491 4717 563 4779 satis
586 4715 667 4778 clari
690 4714 875 4788 indicarunt,
900 4711 999 4774 rnultb
1023 4712 1123 4775 minias
1146 4726 1248 4776 motus
1270 4712 1339 4775 illos
1367 4712 1439 4794 (hoc

180 4819 310 4908 principio
326 4824 440 4907 posito)
457 4823 496 4887 ad
512 4819 664 4885 calculum
682 4842 826 4884 revocare
842 4818 1027 4882 docueruut.

622 4923 625 4935 '
776 4926 824 4979 (Μ
