3330 5692
308 531 348 595 96
609 515 946 584 PHILOSOPHIAE
972 514 1244 581 NATURALIS
1277 513 1602 592 [pancrasio-r.

310 702 343 764 in
364 700 524 762 minorem.
570 695 613 760 Et
632 697 777 760 fluxuum
801 693 975 758 differentia
990 694 1126 755 maxima
1145 691 1260 756 incidet
1275 691 1313 776 (⁹)
1328 691 1361 753 in
1375 702 1522 775 tempora
1537 688 1602 753 sol·

310 811 481 884 stitiorum3
516 807 690 891 praesertim
716 811 741 867 si
766 804 868 868 Lunae
891 802 992 866 nodus
1018 801 1187 865 ascendens
1213 813 1354 864 versatur
1379 800 1413 862 in
1435 798 1601 884 principio

313 925 437 990 Arietis.
483 921 535 986 Sic
560 917 748 1003 experientiri
773 929 965 1000 compertum
988 927 1045 992 est,
1069 914 1153 1000 quod
1174 927 1268 977 aestus
1288 911 1433 975 matutini
1453 924 1601 995 ternpore

311 1039 451 1125 hyberno
466 1046 613 1118 superant
627 1030 828 1114 vespertinos,
845 1042 876 1092 et
890 1027 1058 1112 vespertini
1074 1040 1214 1110 tempore
1229 1025 1337 1088 aestivo
1354 1020 1538 1096 matutinos,
1560 1020 1601 1084 ad

313 1146 514 1235 Plymuthum
529 1144 656 1230 quidem
671 1141 833 1206 altitudine
849 1139 935 1227 quasi
950 1139 1039 1224 pedis
1054 1140 1156 1215 nnius,
1179 1137 1220 1201 ad
1240 1135 1422 1201 Bristoliam
1436 1132 1514 1198 verit
1529 1132 1602 1197 alti·

311 1262 417 1327 tudine
432 1256 609 1346 quindecim
624 1255 813 1343 digitorum:
838 1252 1072 1316 observantibus
1089 1251 1115 1314 C
1117 1250 1287 1334 olepressio
1301 1262 1333 1313 et
1348 1246 1499 1314 Sturmio.

354 1372 464 1437 Motus
487 1381 591 1433 autern
612 1367 762 1431 hactenus
777 1365 924 1450 descripti
946 1376 1106 1427 mutantur
1121 1362 1347 1448 aliquantulum
1360 1356 1498 1445 pervim
1513 1356 1602 1421 illam

311 1480 562 1568 reciprocationis
584 1500 745 1566 aquarum,
768 1476 828 1564 quai
850 1477 945 1540 maris
959 1489 1064 1552 aestus,
1082 1476 1175 1539 etiam
1190 1473 1382 1538 cessantibus
1396 1471 1601 1536 luminarium

312 1594 496 1670 actionibus,
523 1604 628 1677 posset
654 1589 843 1676 aliquamdiu
868 1610 1075 1673 perseverare.
1131 1586 1337 1651 Conservatio
1362 1584 1470 1649 haecce
1494 1583 1603 1648 mutila

312 1703 453 1791 impressi
473 1701 585 1769 minuit
604 1698 810 1763 differentiam
831 1711 963 1760 oestuum
978 1695 1188 1771 alternorum
1212 1708 1243 1759 et
1259 1708 1352 1758 aestus
1367 1691 1515 1778 proximi
1530 1704 1603 1777 post

312 1815 452 1903 syzygias
468 1814 598 1897 majores
613 1809 725 1886 reddit,
741 1830 856 1893 eosque
870 1808 1016 1892 proxime
1032 1822 1103 1892 post
1118 1806 1322 1893 quadraturas
1337 1803 1461 1868 minuit.
1505 1802 1603 1869 Unde

313 1926 348 1989 fit
369 1938 404 1988 ut
425 1936 518 1987 aestus
538 1920 647 1984 alterni
667 1918 708 1982 ad
728 1916 930 2003 Plymuthum
945 1917 985 1980 ad
1003 1916 1183 1980 Bristoliam
1199 1937 1262 1978 non
1276 1913 1377 1978 multo
1391 1913 1495 2002 magis
1510 1912 1603 1977 diffe-

313 2048 382 2098 rant
406 2034 445 2098 ab
470 2033 601 2096 invicem
623 2029 717 2116 quarn
738 2027 900 2092 altitudine
919 2028 1008 2112 pedis
1029 2029 1121 2092 unius
1139 2028 1188 2091 vel
1208 2027 1378 2114 digitorum
1397 2024 1604 2112 quindecim

313 2159 408 2232 utque
426 2158 520 2209 aestus
542 2142 681 2206 omnium
702 2139 832 2204 maximi
854 2140 887 2202 in
908 2139 1019 2203 iisdem
1033 2140 1197 2224 portubus,
1213 2161 1278 2203 non
1293 2140 1355 2203 sint
1368 2138 1464 2223 primi
1477 2161 1499 2203 a
1514 2160 1604 2225 syzy-

312 2255 382 2343 giis,
407 2252 462 2317 sed
487 2252 579 2316 tertii.
626 2248 835 2314 Retardantur
856 2250 949 2312 etiam
974 2264 1079 2313 motus
1099 2272 1207 2313 omnes
1229 2249 1261 2312 in
1280 2249 1412 2313 transitu
1433 2270 1492 2334 per
1512 2249 1603 2325 rarle,

313 2361 392 2425 adeo
414 2372 449 2423 ut
470 2372 563 2422 aestas
586 2357 726 2420 omnium
749 2355 888 2432 maximi,
910 2357 942 2419 in
962 2356 1049 2421 fretis
1069 2357 1255 2443 quibusdam
1269 2370 1302 2421 et
1315 2356 1483 2421 fluviorum
1504 2357 1604 2435 ostiis,

314 2472 353 2557 (Ρ)
369 2469 431 2534 sint
445 2466 546 2554 quarti
561 2466 610 2529 vel
625 2465 718 2529 etiam
735 2465 835 2551 quinti
850 2489 870 2528 a
884 2467 1025 2553 syzygiis.

345 2667 381 2730 (⁰)
393 2671 405 2695 '
420 2670 451 2715 In
461 2675 564 2727 tesspm
574 2666 729 2739 alstitioruso
759 2665 829 2713 Tunc
839 2664 901 2711 enim
912 2664 937 2739 ip
970 2664 1047 2728 gendo
1057 2664 1112 2713 vero
1128 2666 1159 2713 de
1174 2667 1211 2713 his
1224 2665 1341 2741 littoribus
1351 2680 1393 2741 per
1401 2666 1488 2715 oanni
1497 2664 1604 2715 ffl-

313 2728 851 2855 ii’iiiffiffii'iliiii'iriliii?
861 2743 938 2840 liiii
970 2728 1603 2843 tutlttffirffiffiffi

313 2859 473 2921 mgebtumt
488 2858 564 2905 Luna
575 2856 650 2903 nodus
660 2857 786 2904 ascendens
797 2867 900 2904 versatur
915 2857 940 2903 in
972 2857 1078 2906 lunarem
1095 2869 1201 2922 quartam
1219 2859 1255 2907 rel
1273 2858 1394 2921 quintam
1410 2856 1501 2908 deinde
1516 2857 1549 2907 ad
1564 2872 1602 2907 α·

314 2922 427 2984 principio
440 2922 540 2979 Arietis3
552 2936 606 2969 narn
618 2931 701 2981 preter
707 2920 868 2969 declinationis
881 2921 940 2969 Solia
973 2922 1033 2969 tium
1052 2922 1115 2970 durii
1136 2925 1283 2971 Amazonum
1300 2921 1359 2970 hori
1374 2921 1450 2979 sesti,
1468 2921 1501 2971 ad
1517 2922 1604 2973 inb

313 2988 446 3043 maximam,
464 2986 535 3033 Luna
547 3000 640 3049 quoque
653 2984 700 3031 Soli
712 2986 836 3048 conjuncta
847 2985 940 3048 quanti-
973 2984 1028 3034 vero
1042 2987 1174 3050 adJaceutes
1189 2986 1247 3035 hori
1261 2984 1351 3050 quen&
1368 2986 1452 3048 posted
1468 2986 1503 3037 aa
1518 2986 1603 3037 inb

314 3062 362 3097 tare
378 3049 506 3097 latitudinis
522 3050 630 3097 maximas
641 3049 664 3095 in
676 3051 769 3096 boream
780 3060 821 3097 aut
835 3060 939 3097 austrum
976 3051 1106 3098 Berrnudas
1120 3050 1177 3098 hori
1193 3051 1290 3112 septimi
1304 3060 1329 3098 et
1345 3049 1376 3099 ad
1392 3050 1498 3101 florid·
1512 3062 1602 3114 pn-

315 3115 389 3176 magis
404 3114 510 3161 declinat.
546 3114 610 3160 Hinc
627 3112 654 3159 lit
668 3111 753 3160 fluctus
767 3114 865 3161 borealis
876 3114 942 3161 nobis
976 3117 999 3162 S.
1016 3116 1143 3177 Augustini
1155 3115 1211 3162 honi
1222 3115 1260 3178 ῖξ.
1287 3115 1388 3163 Tardius
1399 3116 1474 3176 igimr
1484 3114 1601 3181 md·

315 3178 467 3225 ricinissimus
483 3189 506 3224 et
522 3177 606 3224 fluctus
616 3176 722 3224 australis
733 3178 900 3225 remotissimus
916 3177 940 3223 in
973 3190 1012 3226 tur
1023 3191 1093 3226 aestus
1103 3196 1144 3240 per
1159 3195 1272 3227 oceanum
1289 3177 1360 3243 quim
1372 3195 1417 3241 pro
1427 3180 1520 3229 ratione
1529 3178 1602 3227 mk

315 3241 397 3290 eidem
408 3242 552 3289 revolutione
562 3240 653 3288 diurni.
975 3243 1066 3301 Lunam
1084 3252 1108 3291 et
1123 3245 1289 3304 pernecessaria
1303 3254 1337 3292 est
1352 3245 1432 3291 hm
1442 3244 1568 3293 retardatio
1576 3253 1601 3291 α

347 3307 382 3370 (⁹)
396 3312 408 3336 ⁶
422 3309 472 3355 Sint
484 3309 562 3367 quarti
573 3308 685 3353 ueletiam
696 3308 780 3368 quinti.
818 3306 847 3353 ln
861 3307 939 3366 Opus·
972 3323 1035 3354 mare
1046 3307 1127 3355 eodem
1137 3319 1240 3368 ternpore
1248 3307 1441 3356 descenderinter
1450 3309 1600 3357 Braailim«

314 3372 369 3419 culo
389 3371 419 3417 de
438 3370 525 3417 Mundi
547 3370 674 3429 Systemate
692 3370 799 3431 quedam
816 3380 942 3417 occurrunt
975 3372 1066 3419 Novam
1087 3373 1215 3425 Franciam,
1233 3372 1386 3435 ascendatque
1397 3372 1429 3420 ad
1445 3373 1536 3421 iasub
1549 3370 1600 3421 1²oe-

314 3434 585 3496 obserrationesquaad
596 3434 659 3479 hunc
671 3433 748 3480 locum
763 3435 886 3494 pertinent,
903 3451 942 3481 aas
973 3447 1064 3483 tunatas
1085 3448 1109 3483 et
1131 3437 1207 3483 littora
1232 3438 1332 3497 Europae
1352 3446 1377 3484 et
1398 3437 1490 3485 Africa
1504 3447 1529 3485 et
1543 3436 1597 3483 sioa-

315 3499 392 3562 itaque
407 3497 569 3545 eascrssremns.
607 3496 667 3544 lieri
684 3497 753 3543 etiam
769 3509 850 3558 potest,
866 3499 942 3561 inquit
973 3498 1044 3546 remi.
1081 3501 1189 3563 Namque
1205 3516 1267 3548 mare
1283 3500 1408 3549 accudere
1419 3501 1503 3565 nequit
1517 3502 1543 3549 irs
1556 3514 1600 3549 rm

315 3575 389 3620 autor,
401 3573 428 3610 ut
438 3572 510 3608 arstus
519 3561 625 3608 omnium
636 3561 751 3608 maximus
762 3563 791 3608 sit
801 3574 896 3625 quartus
905 3563 941 3610 rel
973 3563 1025 3610 loco
1035 3565 1091 3625 quin
1102 3565 1173 3611 simul
1183 3565 1306 3613 deoeendst
1320 3566 1344 3611 in
1356 3566 1438 3613 altero.
1476 3565 1599 3630 hegeh

315 3625 825 3739 tltttss‘ttil‚'itiit:iftlt
840 3625 941 3751 ζ’ζὲἰῖἓῖ
973 3628 1087 3739 itit}
1101 3629 1513 3756 '‘liiiiliqlaimallid‘il
1528 3629 1600 3741 'aff

317 3756 399 3803 vadosa
417 3755 447 3801 ad
466 3753 549 3801 litton.
587 3753 624 3800 ste
641 3755 704 3803 enim
721 3764 792 3801 amus
809 3756 898 3803 aceedit
913 3756 942 3803 ad
977 3756 1088 3804 Chiliensi
1105 3767 1128 3804 et
1146 3758 1389 3805 Pemvtanoincidere
1399 3757 1550 3806 dieunttrrin
1562 3758 1597 3804 ts

317 3821 381 3866 littus
397 3819 540 3866 occidentale
563 3816 685 3865 Hibernia
702 3817 759 3866 hori
776 3820 842 3867 tenta
859 3820 941 3878 lunari,
974 3836 1023 3867 ram
1040 3822 1130 3868 tertiam
1147 3821 1260 3877 lunarem,
1272 3821 1369 3886 sedqud
1385 3822 1511 3871 velocitate
1524 3836 1598 3883 prop·

317 3895 340 3930 et
351 3895 402 3943 pust
417 3884 499 3930 horam
515 3897 587 3929 unam
598 3892 622 3929 et
631 3883 727 3930 alteram
738 3882 768 3930 ad
778 3897 858 3943 portus
869 3886 892 3930 in
905 3884 940 3932 lit·
974 3896 1061 3948 gantur
1072 3886 1126 3932 inde
1137 3886 1166 3932 ad
1178 3887 1242 3933 littus
1252 3887 1364 3934 orientale
1374 3886 1486 3948 Japonin
1496 3898 1521 3935 et
1530 3885 1559 3933 ad
1567 3886 1598 3931 ia·

317 3957 367 3993 tore
387 3947 481 3994 australi
502 3947 606 4009 ejusdem
628 3947 710 3994 insula
728 3957 755 3994 ut
770 3959 793 3994 et
810 3948 840 3994 ad
857 3949 944 3996 insulas
975 3950 1038 3996 sulas
1052 3950 1196 4010 Philippinns
1207 3962 1346 4014 caetmsque
1356 3966 1432 4015 regno
1444 3947 1598 3999 &mat

320 4011 469 4058 cassiterides
479 4010 551 4071 rulgd
562 4009 655 4073 Sorlirtg
665 4011 745 4059 dictas.
783 4012 845 4058 Dein
854 4028 943 4060 succes-
972 4014 1075 4076 jacentes
1086 4015 1191 4061 nondum
1204 4014 1283 4075 reperi.

318 4073 366 4120 sive
381 4074 410 4121 ad
431 4074 589 4129 Palmutlrum,
601 4074 765 4139 Plymutlrum,
786 4076 944 4124 Portlandiam
1011 4082 1062 4125 108.
1084 4079 1113 4125 ln
1130 4078 1200 4126 sireis
1219 4078 1344 4127 fluminum
1362 4078 1452 4141 pendet
1465 4079 1599 4128 influxu«

320 4137 427 4194 insulam,
441 4139 544 4190 Vectem.
559 4139 746 4197 Wincnelseiam,
763 4140 894 4192 Doveriarn,
906 4157 943 4188 os·
976 4141 1078 4188 refluxus
1096 4158 1110 4189 s
1128 4141 1252 4190 fluminum
1272 4159 1349 4191 eursu.
1387 4146 1452 4192 Nam
1467 4159 1553 4192 cursu
1565 4142 1601 4191 ilis
1635 4196 1637 4200 Α

319 4201 380 4249 tium
399 4203 504 4250 Tamesis
522 4214 546 4250 et
565 4203 664 4250 Pontem
684 4203 864 4256 Londinensem.
887 4221 943 4252 eon-
975 4205 1123 4268 facitaquarn
1135 4207 1223 4254 tardius
1234 4207 1331 4255 influere
1342 4223 1369 4255 ea
1381 4210 1450 4265 mari,
1466 4220 1493 4256 et
1508 4209 1602 4256 inm

320 4266 418 4326 sumptis
434 4268 495 4313 horis
508 4267 632 4315 duodecim
645 4268 670 4314 in
685 4270 728 4315 hoc
739 4268 827 4315 itinere.
864 4269 909 4316 Sed
920 4280 944 4317 et
976 4271 1044 4317 citior
1054 4281 1077 4317 et
1093 4270 1194 4318 velocius
1210 4271 1306 4320 refluere
1316 4270 1387 4334 atqud
1397 4270 1459 4321 adad
1470 4272 1561 4321 diutius
1569 4286 1602 4319 re·

319 4329 399 4377 oceani
411 4330 483 4390 ipsius
496 4332 566 4379 alveis
576 4331 639 4378 haud
649 4333 704 4379 satis
715 4332 836 4393 profundis
847 4333 943 4394 impedi·
976 4334 1048 4381 lluere
1063 4334 1134 4398 qudm
1151 4335 1254 4391 influere,
1272 4338 1400 4398 presertim
1410 4338 1430 4384 si
1441 4334 1516 4402 loogd
1526 4336 1552 4383 in
1560 4334 1604 4383 fle·

319 4404 358 4441 tur
377 4407 476 4442 aruum
493 4397 634 4459 propagatio,
654 4397 735 4444 incidit
751 4397 814 4444 eaira
830 4408 899 4444 astus
915 4397 945 4445 ad
976 4414 1030 4446 rnen
1041 4399 1173 4446 ascenditur
1184 4401 1223 4446 ubi
1234 4401 1492 4449 minoreatrismaria.
1528 4401 1566 4449 ste
1581 4400 1605 4447 ia

320 4457 407 4506 insulas
430 4459 566 4506 Fortunatas
584 4471 608 4508 st
625 4460 655 4507 ad
672 4461 824 4508 occidentalia
841 4462 945 4524 marique
978 4462 1050 4509 fluxio
1064 4466 1153 4511 Aroma
1169 4463 1198 4510 ad
1215 4466 1310 4511 tertium
1325 4465 1426 4526 lapidem
1443 4464 1509 4513 tana
1522 4465 1607 4515 ariao

324 4522 442 4570 Atlantico
465 4526 567 4583 exposita
593 4524 670 4572 littora
700 4526 827 4579 llibernioe,
852 4526 943 4581 Gallio,
977 4526 1031 4573 liam
1043 4529 1112 4575 radert
1125 4528 1404 4592 Sturmiusequamlroris
1411 4530 1494 4594 quinia
1503 4528 1607 4581 infirm·

324 4587 475 4646 Hispaniaeet
485 4589 571 4634 Africae
582 4590 652 4635 totius
660 4605 733 4651 usque
744 4590 773 4636 ad
784 4591 862 4649 Caput
871 4589 945 4637 Bonae
978 4593 1077 4650 septenis
1088 4591 1184 4639 refluere
1194 4592 1263 4653 supri
1278 4594 1420 4650 Bristoliam,
1437 4606 1467 4641 ut
1476 4593 1509 4643 ad
1522 4594 1609 4645 Cau·

323 4652 376 4709 Spei
388 4652 412 4696 in
423 4651 503 4698 horam
515 4652 605 4698 tertiam
622 4654 734 4711 lunarem,
753 4667 904 4716 preterquam
921 4655 945 4699 in
978 4656 1031 4700 barn
1043 4657 1077 4702 vel
1093 4657 1231 4704 Bathouiam
1243 4658 1373 4705 differentia
1383 4658 1467 4719 procul
1478 4658 1611 4707 dubious·

322 4716 377 4761 ioris
394 4716 514 4761 nonnullis
524 4716 613 4762 vadosis
624 4718 663 4763 ubi
680 4730 749 4764 astus
765 4718 888 4779 impeditus
899 4730 944 4764 tar-
975 4719 1013 4780 jor
1023 4731 1064 4766 est.
1102 4720 1192 4769 Pendet
1206 4723 1275 4769 ctiam
1288 4723 1337 4770 nac
1347 4721 1612 4787 diruendum-

322 4781 376 4826 drus
387 4779 486 4836 advenit,
500 4780 569 4842 ioque
580 4781 639 4827 freto
648 4782 766 4829 Gaditano
774 4782 837 4845 quod
845 4794 911 4828 motu
920 4798 948 4828 ea
982 4783 1062 4830 tudine
1074 4783 1151 4832 fluxus
1162 4797 1185 4832 et
1196 4785 1304 4833 refluxus.
1342 4786 1405 4834 Nam
1420 4801 1496 4849 propa
1511 4788 1616 4837 ludu·

322 4844 380 4891 mari
395 4844 566 4893 Mediterranea
576 4846 778 4908 propagatocitius
789 4857 885 4905 oestuat;
897 4863 946 4906 por-
983 4847 1042 4894 rium
1054 4850 1165 4911 syzygias,
1183 4852 1339 4898 veliementior
1349 4851 1421 4900 maris
1430 4862 1515 4901 m
1523 4851 1617 4902 tadh-
