3330 5692
66 555 179 620 Linea
195 551 375 631 Tanarus]
423 552 659 618 PRINCIPIA
685 553 1053 619 MATHEMATICA.
1310 566 1350 622 65

66 721 289 778 abillodiacedsna,
308 722 378 769 itaut
402 721 439 769 'ua
457 723 693 784 moturassumipos-
724 722 847 771 incircnlo
861 726 882 771 A
895 723 1262 784 DBCmoveriperseeeaaset,
1275 727 1351 774 nulla.

66 788 98 836 alt
107 787 175 851 quasi
185 787 251 834 fleret
260 787 286 832 in
296 802 325 834 eo
335 737 429 833 circilo
724 804 771 851 que
787 788 823 834 vis
839 798 947 834 extranea
967 788 1097 834 ιιοιιιιιιιι
1118 788 1209 837 inverse
1229 800 1257 837 ut
1275 790 1332 837 radii
1341 810 1349 848 ς

102 853 166 900 Nam
177 851 280 914 dugann
297 865 350 896 eam
368 850 415 896 rim
434 859 565 898 maneam
581 866 628 897 non
644 866 694 898 esse
723 851 813 914 sagitta
823 862 903 898 autem
918 865 1000 898 eorum
1011 865 1108 898 arcuum
1119 854 1183 915 (quta
1195 865 1250 901 sunt
1260 869 1350 914 semper

67 925 221 972 commotam,
232 914 273 962 sed
283 913 355 961 talem
365 924 399 971 ut,
416 923 468 975 post
478 914 602 961 discessum
613 929 695 975 corpo·
723 925 751 962 ut
771 915 883 977 quadrata
899 930 996 962 mcuum
1015 914 1088 962 divisa
1106 930 1147 976 per
1166 916 1251 979 radios)
1271 919 1350 966 forent

67 981 101 1026 ria
115 981 159 1028 Pa
169 978 256 1026 cuculo
269 979 292 1025 A
307 979 331 1025 D
344 979 367 1026 B
381 979 504 1039 Cpropter
513 980 564 1041 ejus
574 979 608 1026 ris
618 990 693 1025 extra·
724 978 813 1026 inverse
823 990 851 1026 ut
861 979 915 1026 cubi
931 979 1057 1036 radiorum,
1074 977 1115 1025 sed
1126 980 1160 1025 ιιι
1170 982 1277 1030 centralis
1289 983 1350 1030 ultra

68 1042 253 1097 neemiam,
264 1042 384 1089 residuum
393 1042 427 1088 ιιι
434 1057 505 1105 quam
513 1054 604 1089 exercet
611 1058 695 1102 corpus
724 1043 839 1091 circulum
854 1058 869 1089 a
879 1043 895 1090 d
906 1045 921 1090 b
932 1057 952 1098 c,
969 1043 1048 1090 minus
1058 1043 1168 1091 decrescit
1177 1043 1249 1107 quim
1266 1061 1349 1094 semin.

69 1108 130 1156 Tin
140 1104 371 1168 dimnddadquam
381 1108 430 1153 abit
439 1121 523 1166 eorpus
543 1106 564 1154 P
583 1104 695 1170 (denseta
725 1106 783 1154 dum
804 1109 891 1155 cubum
911 1106 1079 1160 distantiarum,
1102 1123 1158 1170 ergo
1179 1110 1262 1171 sagitto
1282 1110 1349 1158 arcus

67 1169 98 1218 ei
118 1171 140 1218 ri
158 1170 279 1230 cananei)
298 1171 328 1217 sit
344 1185 435 1231 semper
445 1168 534 1217 inverse
545 1180 572 1217 ιιι
582 1171 636 1218 cubi
647 1171 694 1218 dia-
723 1171 830 1231 descripti
854 1187 891 1217 ure
901 1182 936 1218 eat
943 1172 993 1234 ejus
1004 1171 1038 1217 vis
1048 1172 1154 1219 centralis
1161 1172 1264 1230 effectus,
1275 1178 1349 1239 major

66 1235 202 1292 tantinum,
219 1232 311 1282 eveniet
327 1243 355 1281 nt
372 1236 425 1296 (per
438 1233 508 1294 Prop.
524 1235 572 1281 IX.
593 1235 646 1283 Lib.
670 1235 691 1283 1.
723 1247 758 1282 eat
772 1236 832 1298 sagit
866 1251 920 1298 quar
935 1235 995 1282 foret
1004 1235 1133 1283 secundum
1150 1236 1262 1284 rationem
1273 1238 1348 1285 inser.

68 1294 187 1360 Princip.)
203 1313 288 1359 corpus
305 1298 325 1344 Ρ
341 1298 449 1358 spiralem
460 1298 643 1361 logarithmicam
653 1299 694 1346 de·
723 1314 773 1346 sam
788 1301 842 1346 cubi
852 1298 1019 1354 disumiarum,
1036 1314 1092 1363 ergo
1102 1316 1130 1347 ea
1140 1301 1224 1363 sagitta
1238 1318 1292 1363 qun
1307 1319 1349 1363 per

65 1364 159 1419 scribat,
172 1363 197 1410 in
207 1361 255 1425 qud
265 1361 367 1424 angulus
374 1377 451 1409 curru
461 1377 516 1409 cum
527 1363 592 1409 radio
601 1362 631 1410 ad
641 1378 694 1410 cur-
723 1363 770 1409 vim
786 1364 911 1411 neutralem
929 1363 1071 1424 producitur,
1090 1365 1166 1426 major
1184 1375 1218 1411 est
1236 1364 1277 1412 illd
1294 1382 1348 1428 quse

64 1443 122 1474 ram
132 1426 204 1474 ducto
214 1441 305 1486 suuper
315 1439 394 1473 manet
404 1426 481 1483 idam;
491 1425 572 1473 verbm
582 1427 694 1489 quoniam
719 1427 865 1475 obtineretur
879 1428 899 1474 si
914 1427 1016 1475 circulus
1025 1426 1051 1473 in
1061 1443 1090 1474 eo
1101 1428 1153 1474 loco
1168 1428 1346 1489 describeretur;

63 1494 96 1540 ab
112 1490 180 1538 arsitio
198 1492 233 1537 ria
251 1489 292 1537 illa
309 1489 474 1539 ernanesfuit
488 1501 603 1547 constans,
623 1491 695 1554 liquet
722 1506 779 1555 ergo
789 1507 873 1552 corpus
891 1491 941 1540 Pa
957 1502 1066 1553 tangente
1077 1492 1152 1554 magis
1161 1491 1257 1541 discedit
1269 1509 1348 1542 versuo

62 1554 131 1618 quod
141 1554 276 1616 priusquam
286 1568 371 1615 corpus
382 1553 404 1601 P
414 1553 528 1600 circulum
540 1570 555 1601 a
565 1554 581 1601 d
592 1556 607 1601 1)
617 1569 631 1600 c
640 1556 693 1602 atti-
722 1567 828 1603 centrum
838 1554 908 1619 quim
919 1555 938 1601 si
949 1556 1062 1602 circulum
1073 1555 1217 1614 describeret,
1232 1573 1288 1622 ergo
1298 1559 1348 1622 ejus

62 1619 134 1684 gerit,
142 1634 171 1666 ea
178 1617 271 1679 riaplus
277 1619 431 1665 imminuebat
437 1618 483 1664 rirn
491 1618 615 1665 centralero
622 1617 695 1681 quim
723 1619 760 1665 ria
777 1631 872 1668 acutum
883 1619 997 1682 angulum
1009 1635 1064 1666 cum
1075 1619 1140 1667 radio
1158 1620 1248 1668 efficere
1257 1622 1345 1683 incipit,

64 1693 95 1731 ιιι
104 1682 223 1731 damam
237 1680 368 1729 secundum
378 1684 450 1728 cubos
460 1681 621 1729 distantiarum
637 1698 694 1730 suc-
722 1683 800 1745 sicque
810 1683 898 1731 accedit
905 1684 989 1730 iterum
1001 1683 1030 1730 ad
1039 1683 1153 1730 circulum
1163 1684 1245 1732 adbc
1255 1687 1347 1749 angulis

62 1757 154 1803 tarum,
164 1743 264 1809 ideoque
271 1745 336 1808 quod
343 1745 424 1809 anguli
434 1761 512 1792 curve
522 1761 577 1792 cum
588 1745 653 1793 radio
662 1747 693 1795 ad
722 1761 799 1794 curvae
810 1762 863 1795 curn
880 1747 945 1794 radio
954 1757 1066 1808 perpetuo
1077 1747 1275 1808 decrescentibus3
1291 1750 1347 1798 curn

63 1824 163 1858 curram
179 1811 251 1857 ducto
268 1825 360 1870 semper
377 1823 479 1883 cratera
496 1809 634 1865 debuerunt,
652 1811 693 1858 sed
722 1822 801 1858 autern
819 1811 881 1858 infra
899 1826 954 1858 eum
972 1811 1086 1858 circulum
1103 1812 1231 1860 transiverit
1246 1816 1348 1877 angulus

61 1875 694 1988 mmmmm?
722 1874 954 2002 intimat:
970 1875 1222 1994 &25:353
1237 1888 1348 1990 effi:

722 2005 819 2050 obtusus
826 2003 881 2065 quia
890 2004 924 2049 via
934 2002 1042 2050 centralis
1052 2003 1100 2050 illic
1108 2004 1185 2051 minor
1194 2014 1229 2052 est
1238 2005 1310 2068 qudm
1321 2018 1349 2054 ut

722 2082 807 2128 corpus
823 2067 845 2115 P
861 2068 884 2113 in
901 2067 989 2115 circulo
1004 2068 1090 2114 moveri
1106 2078 1201 2131 pergam
1218 2070 1277 2117 redit
1291 2086 1348 2134 ergo

722 2145 806 2192 corpus
818 2131 840 2179 P
850 2146 929 2178 versus
936 2129 1051 2178 circulum
1058 2147 1073 2178 a
1083 2131 1099 2178 d
1111 2137 1126 2178 b
1136 2148 1150 2179 c
1159 2131 1230 2195 idme
1236 2135 1348 2194 perpetui

722 2195 871 2253 oscillatione,
888 2207 916 2243 ut
929 2195 1002 2258 liquet
1012 2211 1040 2241 ex
1051 2196 1175 2242 collatione
1190 2197 1267 2244 motils
1277 2214 1347 2260 quem

722 2261 817 2306 baberet
832 2260 858 2306 in
877 2257 1038 2323 logarithmicd
1047 2260 1125 2319 spirali
1143 2275 1199 2307 cum
1208 2263 1253 2308 hoc
1263 2273 1328 2309 motu
1338 2283 1344 2309 ι

722 2323 763 2370 sed
773 2322 822 2387 quo
830 2324 907 2370 minor
923 2333 958 2370 est
976 2323 1011 2369 vis
1021 2323 1062 2369 illa
1071 2325 1125 2370 data
1135 2339 1188 2385 qure
1205 2339 1234 2371 ex
1251 2330 1346 2373 tentrnll

595 2418 606 2448 q
722 2387 857 2445 detrahitur,
873 2386 902 2434 ed
913 2387 960 2432 ille
970 2386 1066 2433 alterne
1076 2387 1230 2434 vacillationes
1240 2389 1318 2436 minua
1333 2407 1347 2436 ιι

605 2451 620 2517 '·.‚
722 2452 809 2499 circulo
824 2467 839 2498 a
849 2451 864 2498 d
876 2454 916 2499 bc
931 2449 1046 2508 recedent,
1063 2466 1135 2513 quare
1145 2451 1165 2496 si
1176 2451 1210 2497 ris
1225 2466 1252 2498 ea
1263 2455 1347 2517 erigus

517 2547 525 2574 ·.
617 2523 627 2572 '·.
722 2525 865 2576 supponatur
885 2524 990 2575 respectu
1012 2514 1046 2560 ris
1066 2513 1172 2561 centralls
1193 2517 1294 2575 corporis
1316 2519 1345 2574 T,

623 2576 631 2626 't
723 2580 822 2641 supponi
833 2580 902 2628 etiam
913 2589 988 2640 potest
998 2587 1089 2625 motum
1105 2578 1205 2639 corporis
1223 2580 1245 2626 P
1261 2581 1286 2626 in
1302 2581 1346 2628 eir-

527 2655 534 2696 :-
625 2653 631 2699 ξ
722 2644 936 2692 culoadbcfiet
973 2644 1005 2699 Q„
1019 2659 1039 2690 e
1053 2642 1076 2689 d.

624 2704 630 2732 ¹
756 2713 806 2758 Cor.
822 2714 855 2764 1.,
879 2709 902 2755 si
920 2708 953 2753 tia
965 2707 1123 2754 illaertranea
1138 2715 1162 2753 et
1177 2716 1285 2755 constans
1296 2724 1346 2770 per.

612 2805 620 2830 ,.
722 2782 794 2834 petuo
804 2775 903 2820 naheret
913 2786 997 2832 corpus
1009 2771 1030 2819 P
1041 2786 1120 2818 versus
1136 2771 1166 2827 Τ,
1183 2771 1265 2819 iisdem
1276 2789 1347 2837 argu.

722 2837 808 2883 mentis
823 2836 957 2883 ostendetur
972 2835 1037 2897 quod
1052 2836 1072 2881 si
1088 2835 1231 2882 describatur
1246 2835 1347 2884 circulus

722 2901 843 2948 interiora
853 2899 865 2947 l
875 2905 891 2956 β
903 2921 925 2955 ιι,
941 2898 966 2944 in
982 2900 1023 2946 tali
1034 2897 1167 2949 distantiis
1177 2911 1257 2948 centro
1274 2902 1303 2956 T,
1321 2914 1347 2949 ut

721 2966 756 3011 vis
766 2965 868 3026 corporis
884 2964 907 3011 T
922 2962 951 3010 ad
962 2962 1155 3010 eamdistantiam
1169 2974 1237 3012 aucta
1248 2967 1345 3026 pervim

722 3029 787 3076 illam
797 3039 930 3076 extraneam
941 3026 970 3074 ιιι
980 3028 1011 3075 ad
1022 3027 1068 3073 rim
1079 3026 1104 3072 in
1115 3027 1202 3074 circulo
1215 3030 1237 3075 A
1252 3031 1277 3075 D
1292 3031 1311 3076 Β
1326 3032 1345 3077 C

722 3093 812 3140 inverse
822 3103 849 3141 ut
860 3093 913 3140 cubi
923 3090 1042 3138 radiorum
1053 3090 1194 3138 circulorum
1206 3093 1230 3139 A
1243 3093 1268 3142 D
1282 3095 1303 3141 B
1317 3096 1345 3152 C,

722 3178 738 3204 ιι
749 3156 786 3213 ιβ
798 3179 820 3214 ιι,
837 3172 921 3217 corpus
934 3156 1019 3203 Phinc
1030 3155 1085 3201 inde
1095 3155 1128 3202 cia
1138 3157 1223 3204 cinare
1232 3158 1346 3206 circulum

722 3242 738 3268 ιι
749 3221 761 3269 1
771 3227 787 3277 β
798 3243 812 3269 ιι
823 3221 946 3275 oscillatur,
959 3229 982 3267 et
992 3220 1011 3265 ιι
1023 3234 1050 3265 ea
1060 3218 1095 3266 ris
1102 3231 1209 3268 extranea
1217 3223 1246 3269 sit
1254 3225 1345 3284 exigua,

721 3286 809 3333 censeri
819 3295 894 3347 potest
908 3284 972 3347 quod
982 3298 1065 3345 corpus
1083 3284 1104 3331 P
1120 3286 1145 3331 in
1155 3300 1184 3331 eo
1194 3287 1245 3347 ipso
1260 3288 1347 3335 circulo

59 3356 115 3405 cubi
131 3355 307 3415 distantiarum
323 3357 443 3418 perveniet
452 3371 508 3418 ergo
523 3371 606 3414 corpus
625 3356 646 3402 P
661 3356 692 3403 ad
721 3372 737 3398 ιι
747 3350 785 3408 ιβ
796 3372 810 3398 ιι
820 3350 956 3397 movebitur.

57 3421 179 3468 circulum
198 3422 238 3468 ad
249 3424 264 3469 b
275 3436 296 3476 c,
314 3433 337 3468 et
354 3419 456 3482 angulus
466 3435 542 3467 curvae
553 3435 607 3466 cum
618 3420 690 3478 radio,
755 3419 804 3464 Cor.
820 3421 841 3462 2.
878 3415 912 3461 Et
927 3417 945 3461 si
963 3413 996 3460 ιιι
1007 3412 1048 3460 ι11ι
1057 3422 1166 3460 extranea
1176 3424 1283 3462 constans
1298 3430 1346 3463 non

57 3484 158 3548 quando
167 3485 238 3532 Perit
249 3487 273 3532 in
284 3485 371 3532 circulo
381 3500 395 3530 a
406 3484 422 3530 d
433 3487 448 3531 b
458 3499 479 3540 c,
490 3483 534 3530 orit
540 3494 602 3531 recto
608 3484 689 3546 major,
721 3480 788 3535 foret,
797 3479 838 3526 sed
845 3489 955 3526 cresoeret
963 3477 1093 3525 secundum
1101 3478 1203 3540 aliquam
1210 3480 1346 3542 dignitatern

56 3549 117 3612 qnia
124 3564 217 3610 aeanper
225 3549 296 3596 crevit
306 3548 327 3595 ia
336 3547 439 3610 angulus
450 3563 463 3593 a
474 3558 630 3611 temporeque
640 3563 691 3594 cor·
721 3543 841 3603 positivam
852 3543 1020 3600 distantianrm,
1031 3543 1113 3589 iisdem
1120 3543 1216 3591 omnino
1223 3544 1347 3591 ratiociniis

57 3626 107 3673 pus
124 3613 147 3661 P
162 3613 277 3660 clnculum
296 3613 319 3659 A
334 3611 360 3660 D
374 3612 396 3658 B
410 3611 430 3659 C
446 3611 587 3659 describebat
603 3612 627 3658 in
643 3627 691 3721 quo
721 3607 812 3655 ostendi
823 3616 899 3667 posset
909 3607 971 3670 quod
982 3622 1067 3668 corpus
1080 3607 1101 3654 P
1116 3607 1141 3653 ιιι
1152 3607 1239 3655 circulo
1255 3608 1346 3655 sdbc

176 3676 233 3723 radii
242 3690 297 3724 cum
307 3673 379 3723 carrd
387 3684 464 3722 rectus
474 3685 521 3732 eat;
532 3675 585 3722 ideo
599 3676 645 3723 Pu
656 3686 692 3723 ιη
721 3672 757 3718 vel
775 3692 790 3718 ιι
814 3667 852 3729 ιβ
872 3692 887 3718 ιι
904 3671 1040 3725 movebitur,
1060 3672 1150 3718 eveniet
1160 3671 1308 3719 solummodo
1318 3683 1346 3720 ut

57 3739 177 3788 ὰωιιιιιι
196 3756 211 3787 a
227 3738 245 3786 d
263 3742 278 3787 b
295 3755 308 3788 c
325 3751 422 3803 pergen
439 3738 495 3787 cum
505 3749 583 3786 autem
598 3740 691 3787 Pultra
720 3734 799 3782 radius
817 3735 840 3782 T
858 3750 873 3795 p
892 3734 989 3795 paulum
1001 3734 1104 3781 diversus
1114 3735 1174 3781 sumi
1186 3734 1307 3783 debeatab
1317 3751 1346 3782 eo

58 3804 179 3853 drusium
193 3820 208 3852 a
223 3803 240 3851 d
255 3806 272 3852 b
287 3819 300 3852 c
316 3803 452 3866 pervenerit,
464 3803 575 3850 detractio
585 3805 619 3850 vis
634 3819 689 3851 con.
721 3800 761 3862 qui
771 3799 913 3846 inveniretur
924 3799 943 3846 si
957 3800 992 3844 ria
1002 3813 1030 3844 ea
1040 3809 1149 3846 extranea
1160 3810 1267 3846 constans
1277 3799 1342 3847 foret.

58 3869 143 3917 sunda
163 3867 210 3914 rim
227 3868 353 3916 oentrslem
371 3868 451 3914 minua
466 3868 557 3914 minuet
567 3866 638 3930 qulm
655 3884 690 3915 se.
753 3866 826 3912 ὅσιοι.
863 3862 925 3909 Αιιίι
934 3855 1047 3909 melbodio
1063 3861 1171 3909 effectum
1182 3864 1246 3910 illins
1256 3866 1290 3909 via
1306 3879 1346 3910 er-

57 3932 168 3980 cundum
188 3934 276 3979 cubum
297 3932 456 3979 distantiarum
466 3950 473 3989 ς
491 3932 569 3994 itaque
589 3933 691 3994 angulus
720 3937 808 3975 nanee
818 3926 849 3974 sd
860 3925 962 3974 calculos
971 3925 1073 3973 revocari
1083 3942 1149 3986 posse
1161 3942 1207 3973 non
1224 3942 1344 3989 negamus,

58 4010 140 4043 manas
150 4011 206 4043 cum
214 3996 362 4043 ndiominor
370 3996 410 4042 liet
418 3995 489 4057 qulm
500 3997 519 4041 si
531 3995 690 4058 logaritbmica
721 3992 850 4054 etquidem
864 4004 936 4039 unam
946 4000 986 4037 sut
997 3990 1093 4036 alteram
1104 3991 1239 4038 methodum
1255 3994 1285 4038 ab
1301 3988 1345 4038 hic

56 4059 152 4120 apiralis
168 4059 340 4114 describeretur.
360 4070 385 4107 et
403 4059 498 4107 tandem
515 4060 639 4106 reducetur
659 4060 689 4107 ad
720 4057 835 4105 diversam
845 4054 954 4103 eumdem
965 4054 989 4100 in
1001 4054 1072 4100 finem
1087 4054 1112 4100 ιιι
1128 4058 1276 4116 sequentibus
1292 4070 1344 4117 pro-

55 4124 177 4186 argutum
187 4133 277 4171 rectum
289 4123 350 4170 ultra
360 4123 475 4170 circulum
493 4139 507 4169 a
525 4123 542 4170 d
560 4126 576 4170 1)
593 4139 614 4180 c,
634 4124 691 4172 inde
720 4135 842 4181 ponemus.

56 4186 115 4235 rerd
132 4202 204 4234 cnrra
218 4201 273 4234 cum
292 4187 357 4234 radio
367 4188 436 4234 faciet
454 4187 569 4250 angulum
584 4199 688 4244 acutum,

56 4265 116 4300 nam
126 4252 163 4298 ria
171 4251 281 4298 centralis
288 4251 337 4298 illic
344 4253 420 4314 major
427 4250 539 4314 eatqutim
551 4262 577 4299 ut
588 4252 689 4298 circulus

56 4314 245 4376 desertoipoesit,
253 4316 317 4378 quod
325 4317 359 4363 sic
370 4317 521 4362 demonstrari
530 4326 618 4375 potem
629 4332 689 4362 aree
934 4311 1072 4360 THEOll.
1091 4311 1128 4360 11.

56 4379 189 4443 qnalssrns
198 4379 341 4439 temporibus
348 4379 469 4439 descripta
476 4379 574 4427 durante
585 4389 633 4426 toto
643 4382 689 4427 hoc

57 4445 163 4506 corporis
181 4443 202 4490 P
218 4453 284 4490 motu
295 4455 351 4491 aunt
363 4446 449 4505 ubique
459 4445 566 4505 equales,
577 4445 688 4506 quoniam
754 4442 839 4490 Positis
850 4442 941 4504 iisque
957 4441 982 4487 in
1000 4440 1075 4501 primo
1093 4441 1245 4488 Theoremate
1261 4458 1345 4502 suppo·

57 4507 119 4555 vires
136 4506 168 4555 ad
185 4516 291 4554 anuum
310 4508 333 4555 T
349 4517 481 4554 constanter
496 4508 629 4570 diriguntur
648 4510 687 4571 (ea
721 4517 817 4560 nuntur,
829 4506 919 4553 dicatur
935 4520 947 4551 r
961 4505 1042 4552 radius
1052 4505 1133 4552 circuli
1145 4507 1168 4553 A
1184 4506 1208 4552 D
1220 4507 1242 4553 Β
1256 4508 1283 4561 C,
1295 4507 1347 4574 ιιι(

60 4572 142 4634 Hyp.)
154 4569 290 4634 idebquein
301 4587 329 4618 eo
341 4571 393 4619 loco
401 4572 464 4618 ultra
474 4572 587 4618 circulum
598 4588 613 4619 a
623 4571 638 4618 d
649 4574 688 4618 bc
720 4570 799 4617 radius
806 4570 886 4617 circuli
897 4586 911 4617 s
921 4570 937 4615 d
947 4571 963 4616 b
973 4586 994 4626 c,
1007 4570 1044 4616 rel
1054 4591 1069 4616 ιι
1080 4568 1092 4617 l
1102 4576 1118 4625 β
1129 4591 1151 4626 ιι,
1163 4569 1193 4617 ιιι
1203 4585 1219 4630 p
1230 4571 1346 4618 radiorum

59 4636 689 4760 &smirnamum
720 4633 1130 4745 nzn‘ll‘ffittnlffit
1142 4634 1347 4748 butun

61 4765 150 4826 scripta
165 4764 236 4826 cujus
245 4763 345 4811 altitudo
360 4775 395 4811 est
410 4764 520 4812 distantia
530 4780 544 4811 s
554 4775 633 4811 centro
647 4779 688 4810 seu
720 4772 787 4810 catur
800 4763 820 4809 Y
831 4777 885 4824 que
895 4771 981 4809 crescat
998 4772 1025 4809 ut
1040 4762 1154 4810 (ιιιιιιιιιιι
1170 4779 1185 4810 a
1200 4777 1279 4811 centro
1292 4765 1313 4810 'l'
1323 4775 1347 4809 et

60 4828 106 4888 ipse
116 4829 205 4884 radius,
222 4837 247 4874 et
262 4828 282 4874 is
297 4844 364 4875 mona
375 4829 442 4875 debet
458 4844 507 4875 esse
518 4828 547 4875 ad
558 4844 637 4875 arcum
648 4828 688 4889 qui
720 4844 774 4889 qua
785 4827 881 4888 positiva
896 4835 1016 4874 censeatur
1032 4827 1051 4873 ιι
1070 4827 1181 4875 diaualrat
1190 4843 1273 4888 corpus
1295 4827 1314 4873 P
1332 4843 1346 4875 a

60 4895 141 4942 tudem
152 4903 259 4954 tempore
274 4891 403 4953 descriptus
412 4893 494 4940 scient
504 4909 518 4940 s
530 4909 623 4954 corpore
638 4893 689 4940 Psi
723 4905 809 4949 contro,
819 4891 926 4955 negativa
935 4889 1014 4940 terdai
1027 4891 1086 4940 illud
1093 4893 1346 4950 attrahatatlccntruun

668 4981 687 5026 ι’
700 4986 732 5032 ιι
