3330 5692
188 567 304 632 Lmen
316 566 497 646 Taurios]
539 566 780 633 PRINCIPIA
805 567 1175 635 MATHEMATICA.
1437 576 1474 633 tt

181 738 318 822 poribus
333 737 510 823 periodicis,
526 737 680 802 distantioe
694 737 860 802 satellitum
876 762 894 802 a
908 751 1015 802 centro
1031 740 1159 804 Saturni
1173 738 1206 800 in
1221 737 1472 803 semi-diametria

183 845 297 908 annuli
319 857 393 908 sunt
415 852 579 921 2,1.2,69.
597 851 680 922 3,75.
698 853 762 923 8,7.
784 857 816 908 et
838 853 944 922 25,85.
992 845 1118 910 Saturni
1139 845 1290 909 diameter
1310 847 1342 909 in
1365 847 1477 911 eodem

185 952 358 1036 telescopio
372 963 440 1015 erat
454 951 495 1015 ad
509 951 696 1014 diametrum
712 951 819 1014 annuli
840 964 875 1014 ut
891 961 909 1015 3
925 951 964 1015 ad
982 959 1011 1029 7,
1034 964 1066 1015 et
1080 952 1230 1016 diameter
1244 954 1351 1017 annuli
1365 954 1475 1019 diebus

186 1060 269 1124 Maii
292 1068 334 1124 28
359 1072 391 1123 et
412 1069 453 1125 29
476 1061 550 1123 anni
574 1069 665 1129 1719.
689 1061 807 1144 prodiit
827 1063 899 1125 43⁰.
944 1049 983 1144 (q)
1007 1060 1049 1125 Et
1062 1061 1135 1125 inde
1149 1062 1300 1127 diameter
1313 1065 1420 1128 annuli
1440 1066 1475 1128 in

185 1169 338 1233 mediocri
365 1170 491 1234 Saturni
516 1191 536 1232 a
561 1166 661 1232 Termi
688 1167 832 1231 distantiti
859 1180 905 1231 est
927 1171 997 1231 42''.
1013 1168 1056 1232 'et
1076 1168 1227 1232 diameter
1250 1170 1379 1235 Saturni
1401 1172 1472 1235 18‘'.

185 1283 220 1362 ι’)
247 1278 333 1342 Haec
360 1279 403 1340 ita
425 1277 550 1340 suntin
572 1277 745 1359 telescopiis
770 1276 958 1364 longissimis
981 1289 1013 1340 et
1033 1278 1169 1361 optimis,
1195 1291 1362 1363 propterea
1387 1278 1473 1364 quod

185 1386 418 1473 magnitudines
439 1397 624 1468 apparentes
646 1405 813 1466 corporum
835 1384 1007 1447 coelestium
1028 1384 1061 1447 in
1082 1384 1276 1471 longioribus
1298 1385 1472 1468 telescopiis

185 1496 336 1579 majoram
350 1492 486 1557 habeant
506 1493 740 1577 proportionem
756 1491 796 1554 ad
812 1491 1023 1557 dilatationem
1040 1493 1119 1557 lucis
1136 1494 1169 1556 in
1184 1495 1323 1558 terminis
1346 1494 1471 1558 illorum

187 1624 354 1701 corporum
370 1600 463 1687 quim
477 1602 511 1664 in
525 1601 729 1665 brevioribus.
773 1601 807 1664 Si
823 1602 977 1686 rejiciatur
992 1601 1048 1665 lux
1062 1603 1162 1667 omnis
1177 1604 1317 1681 erratica,
1333 1603 1472 1668 manebit

189 1709 336 1774 diameter
353 1710 481 1775 Saturni
495 1708 580 1772 haud
595 1711 694 1793 major
708 1705 800 1793 quim
819 1710 887 1772 16¹2

608 1869 1048 1980 enmuomauonm.

190 2072 330 2135 Planctus
341 2073 472 2155 quinque
481 2070 657 2151 primarios,
674 2069 869 2145 Mercurium,
887 2069 1036 2147 Venerem,
1049 2068 1308 2149 martenum
1323 2081 1353 2135 et
1361 2073 1468 2136 Satur·

562 2200 631 2241 num
646 2179 764 2241 orbibus
778 2181 839 2242 suis
853 2180 948 2243 Solem
963 2182 1089 2264 cingere.

223 2329 424 2395 Mercurium
454 2339 486 2390 et
510 2326 666 2389 Venerem
692 2325 775 2389 circa
802 2325 906 2389 Solem
930 2327 1045 2390 revolvi
1071 2330 1106 2412 (⁸)
1127 2351 1167 2392 ex
1188 2351 1296 2392 eorum
1318 2327 1467 2412 phasibus

185 2443 341 2507 lunaribus
368 2440 607 2503 demonstratur.
666 2436 763 2500 Pleuit
790 2436 867 2500 facie
892 2436 1030 2501 lucentes
1055 2438 1137 2502 ultra
1164 2439 1270 2504 Solem
1295 2438 1344 2501 siti
1373 2451 1464 2514 sunt3

209 2611 243 2675 (⁸)
262 2617 275 2641 ·
295 2613 330 2659 Et
347 2612 402 2657 inde
417 2611 527 2655 demeto
541 2607 632 2654 annui
679 2602 743 2659 Qui·
758 2603 807 2650 die
882 2604 914 2669 (·)
938 2610 949 2636 ·
981 2610 1017 2655 m
1038 2623 1116 2654 emm
1140 2608 1249 2668 ριωιιω
1275 2608 1403 2654 contrane
1439 2604 1463 2651 st

184 2677 243 2722 metri
263 2684 404 2736 apparentes
423 2680 479 2718 sunt
496 2672 520 2717 in
539 2668 699 2716 distantiarum
718 2666 807 2715 ratione
840 2668 937 2717 Veneris
948 2670 1030 2718 faeiem
1041 2670 1164 2730 telescopio
1174 2671 1365 2730 contemplemur,
1378 2671 1401 2715 in
1413 2671 1462 2718 unit

183 2739 302 2800 idm&
320 2737 381 2784 M·
391 2737 503 2809 dmm?
513 2734 594 2781 *fluuii
605 2732 687 2780 diebufl
704 2731 764 2784 Μῦῑῑ
776 2737 806 2778 28
839 2736 889 2795 ejus
904 2736 1067 2796 conjunctione
1083 2749 1138 2780 cum
1151 2734 1214 2795 Sole,
1222 2733 1290 2794 pleni
1301 2735 1359 2781 faeie
1370 2733 1460 2795 fulgere

183 2814 200 2849 et
214 2811 247 2853 29
262 2817 329 2849 anno
350 2807 417 2855 1719,
434 2809 459 2846 et
473 2797 582 2845 dtstantid
600 2796 694 2845 Saturni
708 2811 722 2841 ιι
734 2793 808 2842 Tetri
838 2797 946 2853 cernitur,
964 2797 1048 2846 deindd
1064 2801 1145 2859 phasea
1155 2799 1239 2845 habere
1249 2798 1359 2859 phaaibue
1374 2797 1461 2846 lunari.

182 2866 256 2914 iitdem
268 2868 355 2914 diebus
366 2863 422 2912 dart
433 2868 485 2927 (per
496 2863 608 2910 theoriam
620 2859 730 2921 planete)
741 2858 806 2906 dabi-

182 2939 213 2978 ur
228 2946 327 2994 quoque
344 2932 457 2976 diameter
475 2926 555 2974 annuli
575 2927 600 2971 in
619 2921 674 2971 dati
696 2921 807 2969 mediocri

181 2995 285 3043 demut
304 2994 400 3041 Saturni
416 3008 431 3038 a
449 2990 529 3047 Terre,
545 2991 596 3036 haee
606 2997 684 3035 autem
696 2987 808 3034 diameter

181 3059 260 3117 prodiit
276 3058 324 3106 42⁶
331 3076 340 3115 ι
358 3056 398 3104 aed
417 3055 510 3103 Saturni
527 3054 639 3101 diameter
652 3060 702 3097 etat
711 3049 742 3097 ad
758 3050 807 3097 dia-

183 3134 278 3170 metrum
287 3121 373 3169 annuli
384 3131 412 3168 ut
419 3126 435 3167 3
443 3118 473 3165 ad
485 3124 498 3166 7
508 3122 560 3182 (per
568 3114 670 3175 observ.)
679 3111 750 3176 quare
758 3112 807 3160 dia·

183 3200 249 3234 ueter
261 3187 361 3235 Saturni
376 3184 402 3231 iu
417 3182 553 3231 mediocria
564 3178 639 3229 Tetri
649 3176 760 3226 diseunt
773 3186 808 3224 est

207 3316 241 3380 (¹)
260 3320 275 3346 ⁸
295 3316 408 3365 Hatita
424 3321 480 3361 tunt
495 3314 560 3375 (55.)
595 3308 738 3356 'Siinhoc
750 3304 806 3352 tele-

184 3385 256 3440 toopio
272 3380 316 3428 lut
333 3377 431 3425 erratica
442 3375 566 3422 subtendat
575 3374 690 3436 angulum
705 3370 807 3417 duorum

184 3444 345 3500 terendorum,
358 3441 399 3488 liet
408 3440 520 3487 diameter
531 3437 613 3486 annuli
625 3435 668 3484 ed‘
680 3434 807 3482 etSaturni

184 3508 220 3556 ¹5
230 3521 258 3555 ut
269 3522 352 3554 revera
364 3507 411 3551 sint
421 3507 446 3550 in
457 3504 546 3550 ratione
557 3508 572 3550 5
583 3501 613 3547 ad
626 3507 647 3546 9.
662 3499 717 3546 hinc
728 3507 807 3545 autem
909 3491 939 3538 ‘43'

184 3581 203 3617 ut
218 3571 243 3618 id
263 3572 341 3618 obiter
360 3580 476 3624 notemus,
496 3566 550 3613 tum
567 3563 689 3625 peralleaia
707 3561 768 3610 Solia
782 3562 807 3607 in

184 3634 286 3682 ttnnot
299 3635 381 3683 Tetra
391 3631 503 3680 mediocri
514 3647 528 3677 a
539 3631 594 3676 Sole
605 3629 634 3675 sit
648 3626 689 3675 lol'
700 3627 747 3673 aire
757 3624 807 3672 dia·

184 3711 249 3747 meter
260 3698 391 3747 Telluriaa
404 3696 458 3743 Sole
468 3706 525 3743 tunc
535 3695 584 3740 visa
595 3693 625 3740 ait
635 3691 685 3745 20¹2
698 3689 808 3737 distantia

185 3763 230 3810 ιιιὸ
246 3763 373 3810 mediocria
390 3761 470 3809 Tetra
485 3776 499 3805 a
517 3758 571 3807 Sole
581 3758 611 3803 ait
621 3756 651 3803 ad
667 3753 807 3801 mediocrem

186 3825 312 3875 distatttiam
332 3825 427 3874 Saturni
446 3840 461 3870 a
480 3821 554 3870 Termi
571 3821 607 3868 vel
626 3837 640 3868 a
663 3820 723 3872 Sole,
743 3816 808 3879 quod

186 3888 239 3938 idern
250 3903 285 3939 est
298 3895 334 3954 (a.
348 3890 398 3951 53.)
417 3900 443 3935 ut
457 3893 502 3935 100
512 3886 541 3933 ad
554 3891 609 3942 954,
625 3884 679 3930 ltine
696 3883 808 3928 diameter

187 3953 257 4004 lem
268 3957 312 4003 erit
322 3954 353 4002 ad
364 3953 503 4000 diatnetmm
514 3950 596 3997 annuli
605 3959 633 3996 ut
643 3953 688 3994 100
696 3945 726 3993 ad
736 3950 806 4001 1908,

187 4018 225 4067 tire
235 4034 261 4068 ιιι
275 4025 284 4067 1
298 4019 330 4066 ad
345 4024 374 4067 1⁹
386 4028 410 4064 et
425 4016 456 4063 ad
471 4015 611 4062 diametrum
627 4011 701 4073 ipaiua
713 4010 807 4056 Saturni

183 4094 206 4130 tt
217 4091 226 4132 1
239 4086 294 4133 adr

212 4086 384 4221 emericum
395 4163 507 4210 diameter
517 4162 533 4211 J
535 4161 584 4208 oria
599 4159 624 4205 in
634 4153 746 4204 mediocri
756 4153 807 4216 ejus

186 4232 262 4278 tSote
278 4227 389 4276 distanffl
405 4229 435 4274 ait
451 4226 510 4290 872*
525 4227 601 4287 eitque
619 4220 741 4268 mediocria
759 4217 806 4264 dis·

186 4297 250 4342 antia
267 4294 349 4342 Terre
366 4293 396 4340 ad
412 4291 552 4338 mediocrem
568 4288 701 4335 meantium
715 4282 781 4331 Jovis
791 4297 806 4327 a

186 4361 232 4406 sote
242 4369 270 4406 ut
282 4365 314 4406 to
324 4357 355 4404 ad
368 4362 416 4414 523
433 4356 477 4402 erit
487 4354 604 4402 diameter
610 4351 698 4405 Terre,
715 4347 745 4393 ad
756 4346 805 4392 dia-

184 4473 277 4510 metrum
288 4461 357 4512 Jorit
366 4469 394 4508 ut
405 4464 416 4506 1
427 4416 602 4542 miggin
644 4451 730 4499 aireut
748 4454 758 4495 1
775 4449 806 4496 ad

183 4572 263 4625 toe53
287 4566 367 4628 aioque
382 4562 495 4610 diameter
510 4557 577 4608 Joria
587 4567 621 4604 est
631 4555 720 4603 circiter
736 4552 805 4600 dimi
836 4554 880 4601 bus
906 4551 1034 4599 simillimae
1061 4561 1197 4614 partemque
1224 4551 1380 4599 illuminatam
1410 4549 1458 4597 Soli

183 4627 425 4680 d'ndiametnannuli
439 4624 542 4678 Saturni,
559 4633 583 4669 et
592 4618 750 4679 estadipaiua
762 4619 804 4665 Sa·
836 4625 967 4664 constanter
987 4617 1105 4664 obvertere
1126 4615 1223 4664 ridetur.
1268 4616 1336 4664 Dum
1353 4611 1408 4662 verd
1429 4612 1458 4660 ud

181 4699 238 4744 tami
253 4697 396 4744 diametrum
413 4702 440 4738 ut
456 4695 472 4737 5
487 4685 518 4733 ad
534 4691 557 4732 4.
594 4686 654 4733 Solia
663 4693 741 4731 autem
753 4681 803 4729 dia-
835 4680 930 4726 alteram
942 4681 1129 4744 conjunctionem
1140 4694 1194 4727 cum
1208 4680 1262 4728 Sole
1273 4679 1381 4740 pertenit,
1394 4688 1457 4724 tene-

181 4772 247 4810 nete
257 4776 312 4808 tera
321 4768 356 4806 eat
367 4756 459 4803 circiter
470 4751 568 4811 decupla
579 4748 684 4799 diametri
695 4747 767 4796 Joris.
835 4745 881 4790 bn's
891 4743 1028 4800 obvolvitur,
1037 4754 1061 4791 et
1072 4758 1239 4808 nonnunquam
1249 4743 1387 4806 perdiccam
1397 4741 1458 4788 Solis
