<?xml version="1.0" encoding="UTF-8"?>
<!DOCTYPE html PUBLIC "-//W3C//DTD XHTML 1.0 Transitional//EN"
    "http://www.w3.org/TR/xhtml1/DTD/xhtml1-transitional.dtd">
<html xmlns="http://www.w3.org/1999/xhtml" xml:lang="en" lang="en">
 <head>
  <title>
</title>
<meta http-equiv="Content-Type" content="text/html;charset=utf-8" />
  <meta name='ocr-system' content='tesseract 3.04.00' />
  <meta name='ocr-capabilities' content='ocr_page ocr_carea ocr_par ocr_line ocrx_word'/>
</head>
<body>
  <div class='ocr_page' id='page_1' title='image "./philosophiaenat01newtgoog_0309.png"; bbox 0 0 3330 5692; ppageno 0'>
   <div class='ocr_carea' id='block_1_1' title="bbox 456 510 1462 604">
    <p class='ocr_par' dir='ltr' id='par_1_1' title="bbox 456 510 1462 604">
     <span class='ocr_line' id='line_1_1' title="bbox 456 510 1462 604; baseline 0.003 -6"><span class='ocrx_word' id='word_1_1' title='bbox 456 510 648 601; x_wconf 75' lang='lat' dir='ltr'><strong>nnuxus</strong></span> <span class='ocrx_word' id='word_1_2' title='bbox 671 536 731 600; x_wconf 78' lang='lat' dir='ltr'><strong>nc</strong></span> <span class='ocrx_word' id='word_1_3' title='bbox 758 535 1010 604; x_wconf 78' lang='lat' dir='ltr'><strong>narnuxus</strong></span> <span class='ocrx_word' id='word_1_4' title='bbox 1033 532 1189 602; x_wconf 77' lang='lat' dir='ltr'><strong>naurs.</strong></span> <span class='ocrx_word' id='word_1_5' title='bbox 1400 545 1462 603; x_wconf 74' lang='lat'><strong>2⁶5</strong></span> 
     </span>
    </p>
   </div>
   <div class='ocr_carea' id='block_1_2' title="bbox 184 711 1464 874">
    <p class='ocr_par' dir='ltr' id='par_1_2' title="bbox 184 711 1464 874">
     <span class='ocr_line' id='line_1_2' title="bbox 184 711 1464 874; baseline -0.001 -54"><span class='ocrx_word' id='word_1_6' title='bbox 184 754 266 820; x_wconf 82' lang='lat' dir='ltr'><strong>MR</strong></span> <span class='ocrx_word' id='word_1_7' title='bbox 280 754 443 842; x_wconf 79' lang='lat' dir='ltr'>urgebitur</span> <span class='ocrx_word' id='word_1_8' title='bbox 456 755 487 817; x_wconf 88' lang='lat' dir='ltr'><strong>vi</strong></span> <span class='ocrx_word' id='word_1_9' title='bbox 502 783 537 813; x_wconf 65' lang='lat' dir='ltr'>a</span> <span class='ocrx_word' id='word_1_10' title='bbox 557 711 698 874; x_wconf 51' lang='grc' dir='ltr'><strong>Β-ἓῌ.</strong></span> <span class='ocrx_word' id='word_1_11' title='bbox 744 754 889 819; x_wconf 79' lang='lat' dir='ltr'><strong>Gravitas</strong></span> <span class='ocrx_word' id='word_1_12' title='bbox 904 754 998 841; x_wconf 87' lang='lat' dir='ltr'><strong>igitur</strong></span> <span class='ocrx_word' id='word_1_13' title='bbox 1012 752 1147 819; x_wconf 73' lang='lat' dir='ltr'><strong>maxime</strong></span> <span class='ocrx_word' id='word_1_14' title='bbox 1162 754 1334 841; x_wconf 80' lang='lat' dir='ltr'><strong>augebitur,</strong></span> <span class='ocrx_word' id='word_1_15' title='bbox 1350 755 1376 818; x_wconf 85' lang='lat' dir='ltr'><strong>si</strong></span> <span class='ocrx_word' id='word_1_16' title='bbox 1390 779 1464 841; x_wconf 89' lang='lat' dir='ltr'><strong>par-</strong></span> 
     </span>
    </p>
   </div>
   <div class='ocr_carea' id='block_1_3' title="bbox 180 882 1462 1329">
    <p class='ocr_par' dir='ltr' id='par_1_3' title="bbox 180 882 1462 1329">
     <span class='ocr_line' id='line_1_3' title="bbox 181 882 1462 1006; baseline 0.003 -22"><span class='ocrx_word' id='word_1_17' title='bbox 181 920 276 985; x_wconf 84' lang='lat' dir='ltr'><strong>ticula</strong></span> <span class='ocrx_word' id='word_1_18' title='bbox 294 919 333 985; x_wconf 93' lang='lat' dir='ltr'><strong>M</strong></span> <span class='ocrx_word' id='word_1_19' title='bbox 346 920 448 1004; x_wconf 89' lang='lat' dir='ltr'><strong>posita</strong></span> <span class='ocrx_word' id='word_1_20' title='bbox 458 918 551 985; x_wconf 83' lang='lat' dir='ltr'><strong>fuerit</strong></span> <span class='ocrx_word' id='word_1_21' title='bbox 565 921 598 984; x_wconf 89' lang='lat' dir='ltr'><strong>in</strong></span> <span class='ocrx_word' id='word_1_22' title='bbox 613 920 647 985; x_wconf 92' lang='lat' dir='ltr'>D</span> <span class='ocrx_word' id='word_1_23' title='bbox 662 920 711 983; x_wconf 86' lang='lat' dir='ltr'><strong>vol</strong></span> <span class='ocrx_word' id='word_1_24' title='bbox 728 920 767 997; x_wconf 86' lang='lat' dir='ltr'><strong>E,</strong></span> <span class='ocrx_word' id='word_1_25' title='bbox 784 922 895 1006; x_wconf 84' lang='lat' dir='ltr'><strong>quibus</strong></span> <span class='ocrx_word' id='word_1_26' title='bbox 909 921 941 983; x_wconf 92' lang='lat' dir='ltr'><strong>in</strong></span> <span class='ocrx_word' id='word_1_27' title='bbox 956 920 1032 985; x_wconf 90' lang='lat' dir='ltr'><strong>locis</strong></span> <span class='ocrx_word' id='word_1_28' title='bbox 1046 933 1197 1006; x_wconf 86' lang='lat' dir='ltr'><strong>punctum</strong></span> <span class='ocrx_word' id='word_1_29' title='bbox 1213 921 1285 987; x_wconf 87' lang='lat' dir='ltr'><strong>Sin</strong></span> <span class='ocrx_word' id='word_1_30' title='bbox 1300 882 1462 988; x_wconf 88' lang='lat' dir='ltr'><strong>horizonte</strong></span> 
     </span>
     <span class='ocr_line' id='line_1_4' title="bbox 181 1033 1461 1199; baseline 0.005 -60"><span class='ocrx_word' id='word_1_31' title='bbox 181 1089 328 1161; x_wconf 83' lang='lat' dir='ltr'><strong>apparet;</strong></span> <span class='ocrx_word' id='word_1_32' title='bbox 348 1076 393 1140; x_wconf 92' lang='lat' dir='ltr'><strong>ibi</strong></span> <span class='ocrx_word' id='word_1_33' title='bbox 407 1074 482 1140; x_wconf 83' lang='lat' dir='ltr'><strong>verb</strong></span> <span class='ocrx_word' id='word_1_34' title='bbox 494 1076 652 1163; x_wconf 83' lang='lat' dir='ltr'><strong>gravitatis</strong></span> <span class='ocrx_word' id='word_1_35' title='bbox 666 1091 866 1164; x_wconf 81' lang='lat' dir='ltr'><strong>augmentum</strong></span> <span class='ocrx_word' id='word_1_36' title='bbox 880 1077 939 1143; x_wconf 79' lang='lat' dir='ltr'><strong>erit</strong></span> <span class='ocrx_word' id='word_1_37' title='bbox 957 1108 992 1134; x_wconf 93' lang='lat'>=</span> <span class='ocrx_word' id='word_1_38' title='bbox 1009 1033 1063 1199; x_wconf 58' lang='lat' dir='ltr'><strong>{Se</strong></span> <span class='ocrx_word' id='word_1_39' title='bbox 1108 1079 1148 1142; x_wconf 93' lang='lat' dir='ltr'><strong>In</strong></span> <span class='ocrx_word' id='word_1_40' title='bbox 1168 1079 1292 1162; x_wconf 82' lang='lat' dir='ltr'><strong>punctis</strong></span> <span class='ocrx_word' id='word_1_41' title='bbox 1311 1093 1415 1145; x_wconf 84' lang='lat' dir='ltr'><strong>autem</strong></span> <span class='ocrx_word' id='word_1_42' title='bbox 1430 1082 1461 1145; x_wconf 80' lang='lat' dir='ltr'><strong>A</strong></span> 
     </span>
     <span class='ocr_line' id='line_1_5' title="bbox 180 1242 1461 1329; baseline 0.002 -22"><span class='ocrx_word' id='word_1_43' title='bbox 180 1256 214 1307; x_wconf 90' lang='lat' dir='ltr'><strong>et</strong></span> <span class='ocrx_word' id='word_1_44' title='bbox 229 1242 268 1320; x_wconf 89' lang='lat' dir='ltr'><strong>B,</strong></span> <span class='ocrx_word' id='word_1_45' title='bbox 283 1265 356 1329; x_wconf 83' lang='lat' dir='ltr'><strong>quae</strong></span> <span class='ocrx_word' id='word_1_46' title='bbox 368 1253 520 1328; x_wconf 89' lang='lat' dir='ltr'><strong>punctum</strong></span> <span class='ocrx_word' id='word_1_47' title='bbox 536 1243 559 1307; x_wconf 89' lang='lat' dir='ltr'>S</span> <span class='ocrx_word' id='word_1_48' title='bbox 574 1243 623 1310; x_wconf 88' lang='lat' dir='ltr'><strong>vel</strong></span> <span class='ocrx_word' id='word_1_49' title='bbox 645 1244 677 1306; x_wconf 92' lang='lat' dir='ltr'><strong>in</strong></span> <span class='ocrx_word' id='word_1_50' title='bbox 692 1265 749 1309; x_wconf 91' lang='lat' dir='ltr'><strong>suo</strong></span> <span class='ocrx_word' id='word_1_51' title='bbox 763 1243 867 1308; x_wconf 86' lang='lat' dir='ltr'><strong>zenith</strong></span> <span class='ocrx_word' id='word_1_52' title='bbox 882 1243 931 1307; x_wconf 91' lang='lat' dir='ltr'><strong>vel</strong></span> <span class='ocrx_word' id='word_1_53' title='bbox 952 1243 1042 1306; x_wconf 90' lang='lat' dir='ltr'><strong>nadir</strong></span> <span class='ocrx_word' id='word_1_54' title='bbox 1062 1243 1198 1327; x_wconf 90' lang='lat' dir='ltr'><strong>positum</strong></span> <span class='ocrx_word' id='word_1_55' title='bbox 1212 1243 1338 1322; x_wconf 87' lang='lat' dir='ltr'><strong>habent,</strong></span> <span class='ocrx_word' id='word_1_56' title='bbox 1361 1246 1461 1309; x_wconf 89' lang='lat' dir='ltr'><strong>maxi-</strong></span> 
     </span>
    </p>
   </div>
   <div class='ocr_carea' id='block_1_4' title="bbox 181 1357 1463 1494">
    <p class='ocr_par' dir='ltr' id='par_1_4' title="bbox 181 1357 1463 1494">
     <span class='ocr_line' id='line_1_6' title="bbox 181 1357 1463 1494; baseline 0.004 -34"><span class='ocrx_word' id='word_1_57' title='bbox 181 1419 271 1461; x_wconf 89' lang='lat' dir='ltr'><strong>mum</strong></span> <span class='ocrx_word' id='word_1_58' title='bbox 285 1395 536 1481; x_wconf 87' lang='lat' dir='ltr'><strong>deprehendetur</strong></span> <span class='ocrx_word' id='word_1_59' title='bbox 550 1398 708 1484; x_wconf 82' lang='lat' dir='ltr'><strong>gravitatis</strong></span> <span class='ocrx_word' id='word_1_60' title='bbox 723 1398 963 1477; x_wconf 87' lang='lat' dir='ltr'><strong>decrementum,</strong></span> <span class='ocrx_word' id='word_1_61' title='bbox 975 1397 1060 1483; x_wconf 91' lang='lat' dir='ltr'><strong>quod</strong></span> <span class='ocrx_word' id='word_1_62' title='bbox 1075 1399 1191 1464; x_wconf 87' lang='lat' dir='ltr'><strong>scilicet</strong></span> <span class='ocrx_word' id='word_1_63' title='bbox 1205 1401 1264 1465; x_wconf 85' lang='lat' dir='ltr'><strong>erit</strong></span> <span class='ocrx_word' id='word_1_64' title='bbox 1277 1431 1311 1455; x_wconf 94' lang='lat'><strong><em>=</em></strong></span> <span class='ocrx_word' id='word_1_65' title='bbox 1329 1357 1384 1494; x_wconf 59' lang='lat' dir='ltr'><strong>2-3S</strong></span> <span class='ocrx_word' id='word_1_66' title='bbox 1392 1425 1401 1477; x_wconf 90' lang='lat'>;</span> <span class='ocrx_word' id='word_1_67' title='bbox 1420 1403 1463 1465; x_wconf 86' lang='lat' dir='ltr'><strong>ita</strong></span> 
     </span>
    </p>
   </div>
   <div class='ocr_carea' id='block_1_5' title="bbox 180 1481 1462 1650">
    <p class='ocr_par' dir='ltr' id='par_1_5' title="bbox 180 1481 1462 1650">
     <span class='ocr_line' id='line_1_7' title="bbox 1335 1481 1353 1522; baseline 0 0"><span class='ocrx_word' id='word_1_68' title='bbox 1335 1481 1353 1522; x_wconf 86' lang='lat' dir='ltr'><strong>a</strong></span> 
     </span>
     <span class='ocr_line' id='line_1_8' title="bbox 180 1561 1462 1650; baseline 0.001 -23"><span class='ocrx_word' id='word_1_69' title='bbox 180 1575 218 1628; x_wconf 90' lang='lat' dir='ltr'><strong>ut</strong></span> <span class='ocrx_word' id='word_1_70' title='bbox 231 1563 403 1628; x_wconf 82' lang='lat' dir='ltr'><strong>maximum</strong></span> <span class='ocrx_word' id='word_1_71' title='bbox 417 1562 576 1650; x_wconf 82' lang='lat' dir='ltr'><strong>gravitatis</strong></span> <span class='ocrx_word' id='word_1_72' title='bbox 591 1563 833 1642; x_wconf 86' lang='lat' dir='ltr'><strong>decrementum,</strong></span> <span class='ocrx_word' id='word_1_73' title='bbox 845 1562 942 1649; x_wconf 85' lang='lat' dir='ltr'><strong>dupld</strong></span> <span class='ocrx_word' id='word_1_74' title='bbox 956 1565 1056 1649; x_wconf 89' lang='lat' dir='ltr'><strong>majus</strong></span> <span class='ocrx_word' id='word_1_75' title='bbox 1071 1563 1111 1629; x_wconf 88' lang='lat' dir='ltr'><strong>sit</strong></span> <span class='ocrx_word' id='word_1_76' title='bbox 1121 1561 1214 1649; x_wconf 72' lang='lat' dir='ltr'><strong>qudm</strong></span> <span class='ocrx_word' id='word_1_77' title='bbox 1229 1564 1400 1630; x_wconf 81' lang='lat' dir='ltr'><strong>maximum</strong></span> <span class='ocrx_word' id='word_1_78' title='bbox 1415 1566 1462 1629; x_wconf 90' lang='lat' dir='ltr'><strong>in-</strong></span> 
     </span>
    </p>
   </div>
   <div class='ocr_carea' id='block_1_6' title="bbox 179 1673 1462 1834">
    <p class='ocr_par' dir='ltr' id='par_1_6' title="bbox 179 1673 1462 1834">
     <span class='ocr_line' id='line_1_9' title="bbox 179 1673 1462 1834; baseline 0 -53"><span class='ocrx_word' id='word_1_79' title='bbox 179 1727 382 1781; x_wconf 87' lang='lat' dir='ltr'><strong>crementum.</strong></span> <span class='ocrx_word' id='word_1_80' title='bbox 427 1715 484 1779; x_wconf 88' lang='lat' dir='ltr'><strong>Vis</strong></span> <span class='ocrx_word' id='word_1_81' title='bbox 499 1725 603 1780; x_wconf 89' lang='lat' dir='ltr'><strong>autem</strong></span> <span class='ocrx_word' id='word_1_82' title='bbox 617 1715 816 1781; x_wconf 82' lang='lat' dir='ltr'><strong>horizontalis</strong></span> <span class='ocrx_word' id='word_1_83' title='bbox 830 1673 964 1834; x_wconf 42' lang='grc' dir='ltr'>Ψ</span> <span class='ocrx_word' id='word_1_84' title='bbox 985 1718 1122 1780; x_wconf 86' lang='lat' dir='ltr'><strong>maxima</strong></span> <span class='ocrx_word' id='word_1_85' title='bbox 1143 1716 1261 1793; x_wconf 83' lang='lat' dir='ltr'><strong>evadet,</strong></span> <span class='ocrx_word' id='word_1_86' title='bbox 1284 1718 1310 1781; x_wconf 85' lang='lat' dir='ltr'><strong>si</strong></span> <span class='ocrx_word' id='word_1_87' title='bbox 1331 1717 1462 1805; x_wconf 83' lang='lat' dir='ltr'><strong>angulus</strong></span> 
     </span>
    </p>
   </div>
   <div class='ocr_carea' id='block_1_7' title="bbox 180 1879 1463 2506">
    <p class='ocr_par' dir='ltr' id='par_1_7' title="bbox 180 1879 1463 2506">
     <span class='ocr_line' id='line_1_10' title="bbox 180 1879 1462 1968; baseline -0.002 -21"><span class='ocrx_word' id='word_1_88' title='bbox 180 1885 214 1947; x_wconf 78' lang='lat' dir='ltr'>A</span> <span class='ocrx_word' id='word_1_89' title='bbox 230 1881 258 1946; x_wconf 87' lang='lat' dir='ltr'>C</span> <span class='ocrx_word' id='word_1_90' title='bbox 274 1881 314 1946; x_wconf 92' lang='lat' dir='ltr'>M</span> <span class='ocrx_word' id='word_1_91' title='bbox 335 1879 429 1946; x_wconf 86' lang='lat' dir='ltr'><strong>fuerit</strong></span> <span class='ocrx_word' id='word_1_92' title='bbox 449 1881 653 1959; x_wconf 80' lang='lat' dir='ltr'><strong>semi-rectus,</strong></span> <span class='ocrx_word' id='word_1_93' title='bbox 677 1881 711 1946; x_wconf 93' lang='lat' dir='ltr'><strong>id</strong></span> <span class='ocrx_word' id='word_1_94' title='bbox 732 1881 817 1968; x_wconf 91' lang='lat' dir='ltr'><strong>quod</strong></span> <span class='ocrx_word' id='word_1_95' title='bbox 838 1881 950 1945; x_wconf 91' lang='lat' dir='ltr'><strong>accidit</strong></span> <span class='ocrx_word' id='word_1_96' title='bbox 971 1882 1005 1945; x_wconf 92' lang='lat' dir='ltr'><strong>in</strong></span> <span class='ocrx_word' id='word_1_97' title='bbox 1029 1882 1066 1945; x_wconf 89' lang='lat' dir='ltr'><strong>iis</strong></span> <span class='ocrx_word' id='word_1_98' title='bbox 1089 1880 1200 1946; x_wconf 82' lang='lat' dir='ltr'><strong>Terrae</strong></span> <span class='ocrx_word' id='word_1_99' title='bbox 1217 1882 1404 1968; x_wconf 85' lang='lat' dir='ltr'><strong>regionibus,</strong></span> <span class='ocrx_word' id='word_1_100' title='bbox 1430 1883 1462 1945; x_wconf 91' lang='lat' dir='ltr'><strong>in</strong></span> 
     </span>
     <span class='ocr_line' id='line_1_11' title="bbox 182 1989 1463 2078; baseline 0 -24"><span class='ocrx_word' id='word_1_101' title='bbox 182 1990 297 2077; x_wconf 90' lang='lat' dir='ltr'><strong>quibus</strong></span> <span class='ocrx_word' id='word_1_102' title='bbox 311 2004 463 2076; x_wconf 90' lang='lat' dir='ltr'><strong>punctum</strong></span> <span class='ocrx_word' id='word_1_103' title='bbox 484 1992 508 2055; x_wconf 90' lang='lat' dir='ltr'>S</span> <span class='ocrx_word' id='word_1_104' title='bbox 527 1992 716 2076; x_wconf 88' lang='lat' dir='ltr'><strong>conspicitur</strong></span> <span class='ocrx_word' id='word_1_105' title='bbox 736 1990 785 2054; x_wconf 90' lang='lat' dir='ltr'><strong>vel</strong></span> <span class='ocrx_word' id='word_1_106' title='bbox 808 2000 872 2055; x_wconf 84' lang='lat'>45⁰.</span> <span class='ocrx_word' id='word_1_107' title='bbox 887 1990 1035 2078; x_wconf 90' lang='lat' dir='ltr'><strong>gradibus</strong></span> <span class='ocrx_word' id='word_1_108' title='bbox 1051 2013 1146 2074; x_wconf 88' lang='lat' dir='ltr'><strong>supra</strong></span> <span class='ocrx_word' id='word_1_109' title='bbox 1159 1989 1350 2054; x_wconf 84' lang='lat' dir='ltr'><strong>horizontem</strong></span> <span class='ocrx_word' id='word_1_110' title='bbox 1365 1990 1463 2054; x_wconf 88' lang='lat' dir='ltr'><strong>eleva-</strong></span> 
     </span>
     <span class='ocr_line' id='line_1_12' title="bbox 181 2096 1463 2183; baseline -0.002 -20"><span class='ocrx_word' id='word_1_111' title='bbox 181 2115 259 2178; x_wconf 90' lang='lat' dir='ltr'><strong>tum,</strong></span> <span class='ocrx_word' id='word_1_112' title='bbox 274 2098 324 2162; x_wconf 87' lang='lat' dir='ltr'><strong>vel</strong></span> <span class='ocrx_word' id='word_1_113' title='bbox 339 2098 521 2162; x_wconf 88' lang='lat' dir='ltr'><strong>tantundem</strong></span> <span class='ocrx_word' id='word_1_114' title='bbox 536 2098 595 2162; x_wconf 94' lang='lat' dir='ltr'><strong>sub</strong></span> <span class='ocrx_word' id='word_1_115' title='bbox 611 2098 772 2162; x_wconf 88' lang='lat' dir='ltr'><strong>horizonte</strong></span> <span class='ocrx_word' id='word_1_116' title='bbox 787 2097 969 2181; x_wconf 88' lang='lat' dir='ltr'><strong>depressum</strong></span> <span class='ocrx_word' id='word_1_117' title='bbox 990 2096 1083 2161; x_wconf 87' lang='lat' dir='ltr'><strong>latet:</strong></span> <span class='ocrx_word' id='word_1_118' title='bbox 1107 2096 1156 2160; x_wconf 92' lang='lat' dir='ltr'><strong>his</strong></span> <span class='ocrx_word' id='word_1_119' title='bbox 1177 2096 1271 2183; x_wconf 89' lang='lat' dir='ltr'><strong>igitur</strong></span> <span class='ocrx_word' id='word_1_120' title='bbox 1285 2097 1407 2161; x_wconf 85' lang='lat' dir='ltr'><strong>casibus</strong></span> <span class='ocrx_word' id='word_1_121' title='bbox 1422 2097 1463 2162; x_wconf 92' lang='lat' dir='ltr'><strong>ob</strong></span> 
     </span>
     <span class='ocr_line' id='line_1_13' title="bbox 182 2208 1463 2371; baseline -0.001 -53"><span class='ocrx_word' id='word_1_122' title='bbox 182 2277 208 2318; x_wconf 87' lang='lat' dir='ltr'>x</span> <span class='ocrx_word' id='word_1_123' title='bbox 221 2277 243 2341; x_wconf 87' lang='lat' dir='ltr'>y</span> <span class='ocrx_word' id='word_1_124' title='bbox 260 2284 295 2309; x_wconf 94' lang='lat'><em>=</em></span> <span class='ocrx_word' id='word_1_125' title='bbox 313 2259 333 2337; x_wconf 64' lang='grc' dir='ltr'>ᾖ</span> <span class='ocrx_word' id='word_1_126' title='bbox 351 2254 465 2319; x_wconf 85' lang='lat' dir='ltr'><strong>fietvia</strong></span> <span class='ocrx_word' id='word_1_127' title='bbox 486 2253 685 2318; x_wconf 86' lang='lat' dir='ltr'><strong>horizontalis</strong></span> <span class='ocrx_word' id='word_1_128' title='bbox 702 2284 737 2308; x_wconf 96' lang='lat'><em>=</em></span> <span class='ocrx_word' id='word_1_129' title='bbox 758 2208 846 2371; x_wconf 53' lang='grc' dir='ltr'>ἕ-Εὸῑ.</span> <span class='ocrx_word' id='word_1_130' title='bbox 892 2250 999 2336; x_wconf 91' lang='lat' dir='ltr'><strong>Hujus</strong></span> <span class='ocrx_word' id='word_1_131' title='bbox 1023 2273 1098 2339; x_wconf 88' lang='lat' dir='ltr'><strong>ergo</strong></span> <span class='ocrx_word' id='word_1_132' title='bbox 1123 2252 1168 2314; x_wconf 88' lang='lat' dir='ltr'><strong>vis</strong></span> <span class='ocrx_word' id='word_1_133' title='bbox 1193 2250 1319 2316; x_wconf 86' lang='lat' dir='ltr'><strong>effectus</strong></span> <span class='ocrx_word' id='word_1_134' title='bbox 1344 2253 1377 2316; x_wconf 89' lang='lat' dir='ltr'><strong>in</strong></span> <span class='ocrx_word' id='word_1_135' title='bbox 1401 2254 1463 2317; x_wconf 95' lang='lat' dir='ltr'><strong>hoc</strong></span> 
     </span>
     <span class='ocr_line' id='line_1_14' title="bbox 183 2413 1463 2506; baseline -0.003 -22"><span class='ocrx_word' id='word_1_136' title='bbox 183 2419 342 2496; x_wconf 86' lang='lat' dir='ltr'><strong>consistet,</strong></span> <span class='ocrx_word' id='word_1_137' title='bbox 358 2432 394 2483; x_wconf 91' lang='lat' dir='ltr'><strong>ut</strong></span> <span class='ocrx_word' id='word_1_138' title='bbox 408 2418 537 2483; x_wconf 89' lang='lat' dir='ltr'><strong>directio</strong></span> <span class='ocrx_word' id='word_1_139' title='bbox 550 2418 708 2506; x_wconf 70' lang='lat' dir='ltr'><strong>gravimtb</strong></span> <span class='ocrx_word' id='word_1_140' title='bbox 722 2431 868 2494; x_wconf 83' lang='lat' dir='ltr'><strong>mutetur,</strong></span> <span class='ocrx_word' id='word_1_141' title='bbox 884 2427 977 2501; x_wconf 85' lang='lat' dir='ltr'><strong>atque</strong></span> <span class='ocrx_word' id='word_1_142' title='bbox 990 2413 1097 2479; x_wconf 76' lang='lat' dir='ltr'><strong>versus</strong></span> <span class='ocrx_word' id='word_1_143' title='bbox 1111 2427 1228 2479; x_wconf 86' lang='lat' dir='ltr'><strong>rectam</strong></span> <span class='ocrx_word' id='word_1_144' title='bbox 1247 2416 1270 2480; x_wconf 93' lang='lat' dir='ltr'>S</span> <span class='ocrx_word' id='word_1_145' title='bbox 1286 2415 1314 2479; x_wconf 91' lang='lat' dir='ltr'>C</span> <span class='ocrx_word' id='word_1_146' title='bbox 1335 2417 1463 2481; x_wconf 90' lang='lat' dir='ltr'><strong>incline-</strong></span> 
     </span>
    </p>
   </div>
   <div class='ocr_carea' id='block_1_8' title="bbox 182 2525 1462 2688">
    <p class='ocr_par' dir='ltr' id='par_1_8' title="bbox 182 2525 1462 2688">
     <span class='ocr_line' id='line_1_15' title="bbox 182 2525 1462 2688; baseline -0.002 -52"><span class='ocrx_word' id='word_1_147' title='bbox 182 2585 234 2636; x_wconf 91' lang='lat' dir='ltr'><strong>tur</strong></span> <span class='ocrx_word' id='word_1_148' title='bbox 248 2571 364 2659; x_wconf 87' lang='lat' dir='ltr'><strong>angulo</strong></span> <span class='ocrx_word' id='word_1_149' title='bbox 379 2572 465 2657; x_wconf 90' lang='lat' dir='ltr'><strong>cujus</strong></span> <span class='ocrx_word' id='word_1_150' title='bbox 480 2584 609 2658; x_wconf 85' lang='lat' dir='ltr'><strong>tangens</strong></span> <span class='ocrx_word' id='word_1_151' title='bbox 625 2584 672 2635; x_wconf 88' lang='lat' dir='ltr'><strong>est</strong></span> <span class='ocrx_word' id='word_1_152' title='bbox 684 2602 719 2626; x_wconf 96' lang='lat'>=</span> <span class='ocrx_word' id='word_1_153' title='bbox 730 2525 827 2688; x_wconf 47' lang='lat' dir='ltr'><strong>{iss</strong></span> <span class='ocrx_word' id='word_1_154' title='bbox 844 2568 996 2632; x_wconf 81' lang='lat' dir='ltr'><strong>existente</strong></span> <span class='ocrx_word' id='word_1_155' title='bbox 1010 2568 1080 2631; x_wconf 86' lang='lat' dir='ltr'><strong>sinu</strong></span> <span class='ocrx_word' id='word_1_156' title='bbox 1093 2578 1160 2632; x_wconf 90' lang='lat' dir='ltr'><strong>toto</strong></span> <span class='ocrx_word' id='word_1_157' title='bbox 1179 2597 1214 2623; x_wconf 83' lang='lat'><em>=</em></span> <span class='ocrx_word' id='word_1_158' title='bbox 1229 2576 1258 2646; x_wconf 88' lang='lat'><strong>1,</strong></span> <span class='ocrx_word' id='word_1_159' title='bbox 1275 2568 1347 2654; x_wconf 92' lang='lat' dir='ltr'><strong>quia</strong></span> <span class='ocrx_word' id='word_1_160' title='bbox 1359 2571 1462 2656; x_wconf 88' lang='lat' dir='ltr'><strong>gravi·</strong></span> 
     </span>
    </p>
   </div>
   <div class='ocr_carea' id='block_1_9' title="bbox 179 2738 1461 3363">
    <p class='ocr_par' dir='ltr' id='par_1_9' title="bbox 184 2738 644 2825">
     <span class='ocr_line' id='line_1_16' title="bbox 184 2738 644 2825; baseline -0.004 -23"><span class='ocrx_word' id='word_1_161' title='bbox 184 2750 280 2802; x_wconf 86' lang='lat' dir='ltr'><strong>tatem</strong></span> <span class='ocrx_word' id='word_1_162' title='bbox 295 2739 411 2802; x_wconf 84' lang='lat' dir='ltr'><strong>unitate</strong></span> <span class='ocrx_word' id='word_1_163' title='bbox 426 2738 644 2825; x_wconf 83' lang='lat' dir='ltr'><strong>designamus.-</strong></span> 
     </span>
    </p>

    <p class='ocr_par' dir='ltr' id='par_1_10' title="bbox 179 2838 1461 3363">
     <span class='ocr_line' id='line_1_17' title="bbox 226 2838 1461 2930; baseline -0.004 -18"><span class='ocrx_word' id='word_1_164' title='bbox 226 2851 249 2930; x_wconf 61' lang='grc' dir='ltr'><strong>ᾗ.</strong></span> <span class='ocrx_word' id='word_1_165' title='bbox 267 2839 317 2912; x_wconf 81' lang='grc'><strong>30.</strong></span> <span class='ocrx_word' id='word_1_166' title='bbox 352 2845 418 2910; x_wconf 84' lang='lat' dir='ltr'><strong>Hae</strong></span> <span class='ocrx_word' id='word_1_167' title='bbox 439 2846 541 2930; x_wconf 84' lang='lat' dir='ltr'><strong>itaque</strong></span> <span class='ocrx_word' id='word_1_168' title='bbox 562 2845 642 2909; x_wconf 86' lang='lat' dir='ltr'><strong>vires</strong></span> <span class='ocrx_word' id='word_1_169' title='bbox 664 2845 690 2908; x_wconf 90' lang='lat' dir='ltr'><strong>si</strong></span> <span class='ocrx_word' id='word_1_170' title='bbox 712 2842 785 2907; x_wconf 86' lang='lat' dir='ltr'><strong>satis</strong></span> <span class='ocrx_word' id='word_1_171' title='bbox 806 2853 909 2904; x_wconf 87' lang='lat' dir='ltr'><strong>essent</strong></span> <span class='ocrx_word' id='word_1_172' title='bbox 928 2859 1061 2928; x_wconf 84' lang='lat' dir='ltr'><strong>mngnae,</strong></span> <span class='ocrx_word' id='word_1_173' title='bbox 1083 2838 1117 2901; x_wconf 90' lang='lat' dir='ltr'><strong>in</strong></span> <span class='ocrx_word' id='word_1_174' title='bbox 1137 2839 1328 2924; x_wconf 90' lang='lat' dir='ltr'><strong>ponderibus</strong></span> <span class='ocrx_word' id='word_1_175' title='bbox 1353 2845 1461 2930; x_wconf 90' lang='lat' dir='ltr'><strong>utique</strong></span> 
     </span>
     <span class='ocr_line' id='line_1_18' title="bbox 181 2933 1461 3035; baseline -0.002 -21"><span class='ocrx_word' id='word_1_176' title='bbox 181 2951 289 3015; x_wconf 88' lang='lat' dir='ltr'><strong>sentiri</strong></span> <span class='ocrx_word' id='word_1_177' title='bbox 312 2950 469 3026; x_wconf 88' lang='lat' dir='ltr'><strong>deberent,</strong></span> <span class='ocrx_word' id='word_1_178' title='bbox 492 2972 528 3012; x_wconf 93' lang='lat' dir='ltr'><strong>ac</strong></span> <span class='ocrx_word' id='word_1_179' title='bbox 550 2949 636 3035; x_wconf 90' lang='lat' dir='ltr'><strong>prior</strong></span> <span class='ocrx_word' id='word_1_180' title='bbox 657 2946 783 3034; x_wconf 91' lang='lat' dir='ltr'><strong>quidem</strong></span> <span class='ocrx_word' id='word_1_181' title='bbox 803 2946 985 3033; x_wconf 86' lang='lat' dir='ltr'><strong>gravitatem</strong></span> <span class='ocrx_word' id='word_1_182' title='bbox 1007 2941 1179 3007; x_wconf 84' lang='lat' dir='ltr'><strong>naturalem</strong></span> <span class='ocrx_word' id='word_1_183' title='bbox 1201 2943 1251 3008; x_wconf 89' lang='lat' dir='ltr'><strong>vel</strong></span> <span class='ocrx_word' id='word_1_184' title='bbox 1275 2969 1392 3034; x_wconf 89' lang='lat' dir='ltr'><strong>augens</strong></span> <span class='ocrx_word' id='word_1_185' title='bbox 1412 2933 1461 3013; x_wconf 83' lang='lat' dir='ltr'><strong>vel</strong></span> 
     </span>
     <span class='ocr_line' id='line_1_19' title="bbox 184 3048 1460 3138; baseline -0.002 -16"><span class='ocrx_word' id='word_1_186' title='bbox 184 3058 361 3123; x_wconf 89' lang='lat' dir='ltr'><strong>diminuens</strong></span> <span class='ocrx_word' id='word_1_187' title='bbox 385 3056 418 3118; x_wconf 93' lang='lat' dir='ltr'><strong>in</strong></span> <span class='ocrx_word' id='word_1_188' title='bbox 448 3055 689 3119; x_wconf 88' lang='lat' dir='ltr'><strong>oscillationibus</strong></span> <span class='ocrx_word' id='word_1_189' title='bbox 719 3051 927 3138; x_wconf 89' lang='lat' dir='ltr'><strong>pendulorum</strong></span> <span class='ocrx_word' id='word_1_190' title='bbox 956 3048 1158 3113; x_wconf 88' lang='lat' dir='ltr'><strong>animadverti</strong></span> <span class='ocrx_word' id='word_1_191' title='bbox 1183 3049 1320 3130; x_wconf 86' lang='lat' dir='ltr'><strong>deberet,</strong></span> <span class='ocrx_word' id='word_1_192' title='bbox 1351 3078 1460 3120; x_wconf 92' lang='lat' dir='ltr'><strong>eorum</strong></span> 
     </span>
     <span class='ocr_line' id='line_1_20' title="bbox 179 3156 1460 3248; baseline -0.012 -17"><span class='ocrx_word' id='word_1_193' title='bbox 179 3179 305 3231; x_wconf 88' lang='lat' dir='ltr'><strong>motum</strong></span> <span class='ocrx_word' id='word_1_194' title='bbox 327 3166 377 3230; x_wconf 89' lang='lat' dir='ltr'><strong>vel</strong></span> <span class='ocrx_word' id='word_1_195' title='bbox 397 3164 600 3229; x_wconf 88' lang='lat' dir='ltr'><strong>accelerando</strong></span> <span class='ocrx_word' id='word_1_196' title='bbox 620 3162 669 3225; x_wconf 90' lang='lat' dir='ltr'><strong>vel</strong></span> <span class='ocrx_word' id='word_1_197' title='bbox 690 3158 894 3236; x_wconf 87' lang='lat' dir='ltr'><strong>retardando;</strong></span> <span class='ocrx_word' id='word_1_198' title='bbox 914 3159 1068 3245; x_wconf 89' lang='lat' dir='ltr'><strong>posterior</strong></span> <span class='ocrx_word' id='word_1_199' title='bbox 1083 3156 1157 3221; x_wconf 84' lang='lat' dir='ltr'><strong>verb</strong></span> <span class='ocrx_word' id='word_1_200' title='bbox 1172 3159 1218 3222; x_wconf 87' lang='lat' dir='ltr'><strong>vis</strong></span> <span class='ocrx_word' id='word_1_201' title='bbox 1234 3159 1326 3223; x_wconf 86' lang='lat' dir='ltr'><strong>situm</strong></span> <span class='ocrx_word' id='word_1_202' title='bbox 1340 3164 1460 3248; x_wconf 87' lang='lat' dir='ltr'><strong>pendu.</strong></span> 
     </span>
     <span class='ocr_line' id='line_1_21' title="bbox 179 3266 1460 3363; baseline -0.005 -21"><span class='ocrx_word' id='word_1_203' title='bbox 179 3277 283 3342; x_wconf 87' lang='lat' dir='ltr'><strong>lorum</strong></span> <span class='ocrx_word' id='word_1_204' title='bbox 305 3276 528 3363; x_wconf 87' lang='lat' dir='ltr'><strong>quiescentium</strong></span> <span class='ocrx_word' id='word_1_205' title='bbox 550 3272 728 3337; x_wconf 85' lang='lat' dir='ltr'><strong>verticalem</strong></span> <span class='ocrx_word' id='word_1_206' title='bbox 748 3271 788 3334; x_wconf 88' lang='lat' dir='ltr'><strong>de</strong></span> <span class='ocrx_word' id='word_1_207' title='bbox 808 3270 871 3333; x_wconf 92' lang='lat' dir='ltr'><strong>hoc</strong></span> <span class='ocrx_word' id='word_1_208' title='bbox 892 3268 953 3331; x_wconf 91' lang='lat' dir='ltr'><strong>situ</strong></span> <span class='ocrx_word' id='word_1_209' title='bbox 974 3266 1161 3343; x_wconf 87' lang='lat' dir='ltr'><strong>deflecteret,</strong></span> <span class='ocrx_word' id='word_1_210' title='bbox 1191 3280 1284 3354; x_wconf 85' lang='lat' dir='ltr'><strong>atque</strong></span> <span class='ocrx_word' id='word_1_211' title='bbox 1310 3269 1351 3333; x_wconf 90' lang='lat' dir='ltr'><strong>ad</strong></span> <span class='ocrx_word' id='word_1_212' title='bbox 1376 3271 1460 3336; x_wconf 92' lang='lat' dir='ltr'><strong>hori-</strong></span> 
     </span>
    </p>
   </div>
   <div class='ocr_carea' id='block_1_10' title="bbox 178 3375 1542 3577">
    <p class='ocr_par' dir='ltr' id='par_1_11' title="bbox 178 3375 1542 3577">
     <span class='ocr_line' id='line_1_22' title="bbox 179 3375 1460 3467; baseline -0.011 -15"><span class='ocrx_word' id='word_1_213' title='bbox 179 3400 303 3452; x_wconf 85' lang='lat' dir='ltr'><strong>zontem</strong></span> <span class='ocrx_word' id='word_1_214' title='bbox 320 3387 501 3451; x_wconf 87' lang='lat' dir='ltr'><strong>inclinatum</strong></span> <span class='ocrx_word' id='word_1_215' title='bbox 524 3385 668 3449; x_wconf 86' lang='lat' dir='ltr'><strong>efficeret.</strong></span> <span class='ocrx_word' id='word_1_216' title='bbox 713 3380 872 3457; x_wconf 86' lang='lat' dir='ltr'><strong>Quoniam</strong></span> <span class='ocrx_word' id='word_1_217' title='bbox 891 3389 994 3442; x_wconf 83' lang='lat' dir='ltr'><strong>autem</strong></span> <span class='ocrx_word' id='word_1_218' title='bbox 1013 3375 1191 3462; x_wconf 87' lang='lat' dir='ltr'><strong>hujusmodi</strong></span> <span class='ocrx_word' id='word_1_219' title='bbox 1210 3379 1460 3467; x_wconf 69' lang='lat' dir='ltr'><strong>perturbationes</strong></span> 
     </span>
     <span class='ocr_line' id='line_1_23' title="bbox 178 3485 1542 3577; baseline 0.002 -19"><span class='ocrx_word' id='word_1_220' title='bbox 178 3516 244 3559; x_wconf 90' lang='lat' dir='ltr'><strong>non</strong></span> <span class='ocrx_word' id='word_1_221' title='bbox 270 3496 482 3571; x_wconf 87' lang='lat' dir='ltr'><strong>observamus,</strong></span> <span class='ocrx_word' id='word_1_222' title='bbox 506 3515 609 3577; x_wconf 83' lang='lat' dir='ltr'><strong>operae</strong></span> <span class='ocrx_word' id='word_1_223' title='bbox 632 3490 767 3575; x_wconf 89' lang='lat' dir='ltr'><strong>pretium</strong></span> <span class='ocrx_word' id='word_1_224' title='bbox 788 3488 847 3552; x_wconf 91' lang='lat' dir='ltr'><strong>erit</strong></span> <span class='ocrx_word' id='word_1_225' title='bbox 865 3485 999 3552; x_wconf 77' lang='lat' dir='ltr'><strong>dilucide</strong></span> <span class='ocrx_word' id='word_1_226' title='bbox 1019 3501 1192 3553; x_wconf 87' lang='lat' dir='ltr'><strong>monstrare</strong></span> <span class='ocrx_word' id='word_1_227' title='bbox 1210 3493 1290 3557; x_wconf 89' lang='lat' dir='ltr'><strong>vires</strong></span> <span class='ocrx_word' id='word_1_228' title='bbox 1311 3494 1379 3560; x_wconf 89' lang='lat' dir='ltr'><strong>illas</strong></span> <span class='ocrx_word' id='word_1_229' title='bbox 1396 3509 1460 3560; x_wconf 78' lang='lat' dir='ltr'><strong>tam</strong></span> <span class='ocrx_word' id='word_1_230' title='bbox 1539 3563 1542 3567; x_wconf 68' lang='grc'><em>,</em></span> 
     </span>
    </p>
   </div>
   <div class='ocr_carea' id='block_1_11' title="bbox 178 3600 1528 3692">
    <p class='ocr_par' dir='ltr' id='par_1_12' title="bbox 178 3600 1528 3692">
     <span class='ocr_line' id='line_1_24' title="bbox 178 3600 1528 3692; baseline -0.001 -23"><span class='ocrx_word' id='word_1_231' title='bbox 178 3627 246 3669; x_wconf 86' lang='lat' dir='ltr'><strong>esse</strong></span> <span class='ocrx_word' id='word_1_232' title='bbox 269 3606 406 3692; x_wconf 83' lang='lat' dir='ltr'><strong>exiguas,</strong></span> <span class='ocrx_word' id='word_1_233' title='bbox 431 3616 466 3669; x_wconf 92' lang='lat' dir='ltr'><strong>ut</strong></span> <span class='ocrx_word' id='word_1_234' title='bbox 485 3601 520 3668; x_wconf 93' lang='lat' dir='ltr'><strong>hi</strong></span> <span class='ocrx_word' id='word_1_235' title='bbox 543 3602 669 3668; x_wconf 82' lang='lat' dir='ltr'><strong>effectus</strong></span> <span class='ocrx_word' id='word_1_236' title='bbox 693 3620 801 3668; x_wconf 82' lang='lat' dir='ltr'><strong>sensus</strong></span> <span class='ocrx_word' id='word_1_237' title='bbox 823 3609 947 3666; x_wconf 81' lang='lat' dir='ltr'><strong>nostros</strong></span> <span class='ocrx_word' id='word_1_238' title='bbox 966 3600 1093 3665; x_wconf 82' lang='lat' dir='ltr'><strong>omninb</strong></span> <span class='ocrx_word' id='word_1_239' title='bbox 1115 3602 1272 3691; x_wconf 83' lang='lat' dir='ltr'><strong>effugiant.</strong></span> <span class='ocrx_word' id='word_1_240' title='bbox 1317 3602 1459 3668; x_wconf 80' lang='lat' dir='ltr'><strong>Primum</strong></span> <span class='ocrx_word' id='word_1_241' title='bbox 1485 3602 1492 3623; x_wconf 62' lang='lat'>⁸</span> <span class='ocrx_word' id='word_1_242' title='bbox 1523 3634 1528 3645; x_wconf 43' lang='lat' dir='ltr'>v</span> 
     </span>
    </p>
   </div>
   <div class='ocr_carea' id='block_1_12' title="bbox 178 3712 1454 3878">
    <p class='ocr_par' dir='ltr' id='par_1_13' title="bbox 178 3712 1454 3878">
     <span class='ocr_line' id='line_1_25' title="bbox 178 3712 1454 3878; baseline -0.007 -55"><span class='ocrx_word' id='word_1_243' title='bbox 178 3757 274 3846; x_wconf 92' lang='lat' dir='ltr'><strong>igitur</strong></span> <span class='ocrx_word' id='word_1_244' title='bbox 304 3755 375 3821; x_wconf 84' lang='lat' dir='ltr'><strong>edm</strong></span> <span class='ocrx_word' id='word_1_245' title='bbox 403 3780 463 3843; x_wconf 92' lang='lat' dir='ltr'><strong>pro</strong></span> <span class='ocrx_word' id='word_1_246' title='bbox 493 3757 566 3824; x_wconf 85' lang='lat' dir='ltr'><strong>Sole</strong></span> <span class='ocrx_word' id='word_1_247' title='bbox 595 3759 636 3821; x_wconf 88' lang='lat' dir='ltr'><strong>sit</strong></span> <span class='ocrx_word' id='word_1_248' title='bbox 666 3758 689 3822; x_wconf 93' lang='lat' dir='ltr'>S</span> <span class='ocrx_word' id='word_1_249' title='bbox 715 3788 750 3812; x_wconf 96' lang='lat'>=</span> <span class='ocrx_word' id='word_1_250' title='bbox 781 3763 908 3825; x_wconf 80' lang='grc'><strong>227612</strong></span> <span class='ocrx_word' id='word_1_251' title='bbox 929 3768 1023 3842; x_wconf 86' lang='lat' dir='ltr'><strong>atque</strong></span> <span class='ocrx_word' id='word_1_252' title='bbox 1043 3778 1062 3820; x_wconf 83' lang='lat' dir='ltr'><strong>a</strong></span> <span class='ocrx_word' id='word_1_253' title='bbox 1086 3783 1121 3809; x_wconf 83' lang='lat'><em>=</em></span> <span class='ocrx_word' id='word_1_254' title='bbox 1144 3712 1396 3878; x_wconf 57' lang='grc' dir='ltr'><strong>20620017ῑέὮ</strong></span> <span class='ocrx_word' id='word_1_255' title='bbox 1419 3788 1454 3814; x_wconf 79' lang='lat'>=</span> 
     </span>
    </p>
   </div>
   <div class='ocr_carea' id='block_1_13' title="bbox 192 3923 1448 4056">
    <p class='ocr_par' dir='ltr' id='par_1_14' title="bbox 192 3923 1448 4056">
     <span class='ocr_line' id='line_1_26' title="bbox 192 3923 1448 4056; baseline -0.023 -5"><span class='ocrx_word' id='word_1_256' title='bbox 192 3932 392 4046; x_wconf 70' lang='lat'>-1--3</span> <span class='ocrx_word' id='word_1_257' title='bbox 421 3991 480 4054; x_wconf 92' lang='lat' dir='ltr'><strong>pro</strong></span> <span class='ocrx_word' id='word_1_258' title='bbox 510 3927 1152 4056; x_wconf 48' lang='lat' dir='ltr'><strong>Luntautemquiaestssseta</strong></span> <span class='ocrx_word' id='word_1_259' title='bbox 1180 3994 1216 4021; x_wconf 83' lang='lat'>=</span> <span class='ocrx_word' id='word_1_260' title='bbox 1248 3973 1301 4043; x_wconf 84' lang='lat'><strong>60,</strong></span> <span class='ocrx_word' id='word_1_261' title='bbox 1329 3923 1448 4033; x_wconf 51' lang='lat' dir='ltr'><strong>erit}</strong></span> 
     </span>
    </p>
   </div>
   <div class='ocr_carea' id='block_1_14' title="bbox 175 4023 1461 4096">
    <p class='ocr_par' dir='ltr' id='par_1_15' title="bbox 175 4023 1461 4096">
     <span class='ocr_line' id='line_1_27' title="bbox 175 4023 1461 4096; baseline -0.002 -5"><span class='ocrx_word' id='word_1_262' title='bbox 175 4035 367 4096; x_wconf 78' lang='lat'>385355701</span> <span class='ocrx_word' id='word_1_263' title='bbox 493 4084 496 4091; x_wconf 90' lang='lat'><em>.</em></span> <span class='ocrx_word' id='word_1_264' title='bbox 1014 4033 1055 4088; x_wconf 75' lang='lat'><strong>40</strong></span> <span class='ocrx_word' id='word_1_265' title='bbox 1412 4023 1461 4089; x_wconf 79' lang='lat' dir='ltr'><strong>n⁸</strong></span> 
     </span>
    </p>
   </div>
   <div class='ocr_carea' id='block_1_15' title="bbox 176 4143 1458 4260">
    <p class='ocr_par' dir='ltr' id='par_1_16' title="bbox 176 4143 1458 4260">
     <span class='ocr_line' id='line_1_28' title="bbox 176 4143 1458 4260; baseline 0.008 -32"><span class='ocrx_word' id='word_1_266' title='bbox 176 4203 216 4228; x_wconf 85' lang='lat'><strong>.-=</strong></span> <span class='ocrx_word' id='word_1_267' title='bbox 233 4143 405 4251; x_wconf 79' lang='grc' dir='ltr'>...Ῑ-..;</span> <span class='ocrx_word' id='word_1_268' title='bbox 429 4196 469 4238; x_wconf 82' lang='lat' dir='ltr'><strong>ex</strong></span> <span class='ocrx_word' id='word_1_269' title='bbox 491 4173 620 4260; x_wconf 82' lang='lat' dir='ltr'><strong>quovis</strong></span> <span class='ocrx_word' id='word_1_270' title='bbox 644 4172 747 4238; x_wconf 81' lang='lat' dir='ltr'><strong>Lnnae</strong></span> <span class='ocrx_word' id='word_1_271' title='bbox 771 4173 842 4257; x_wconf 83' lang='lat' dir='ltr'><strong>plns</strong></span> <span class='ocrx_word' id='word_1_272' title='bbox 865 4168 958 4258; x_wconf 70' lang='lat' dir='ltr'><strong>quim</strong></span> <span class='ocrx_word' id='word_1_273' title='bbox 988 4181 1097 4255; x_wconf 86' lang='lat' dir='ltr'><strong>quater</strong></span> <span class='ocrx_word' id='word_1_274' title='bbox 1119 4168 1219 4255; x_wconf 86' lang='lat' dir='ltr'><strong>major</strong></span> <span class='ocrx_word' id='word_1_275' title='bbox 1240 4180 1288 4235; x_wconf 87' lang='lat' dir='ltr'><strong>est</strong></span> <span class='ocrx_word' id='word_1_276' title='bbox 1308 4170 1340 4233; x_wconf 89' lang='lat' dir='ltr'><strong>vi</strong></span> <span class='ocrx_word' id='word_1_277' title='bbox 1366 4171 1458 4251; x_wconf 86' lang='lat' dir='ltr'><strong>Solis,</strong></span> 
     </span>
    </p>
   </div>
   <div class='ocr_carea' id='block_1_16' title="bbox 167 4246 1460 4519">
    <p class='ocr_par' dir='ltr' id='par_1_17' title="bbox 167 4246 1460 4519">
     <span class='ocr_line' id='line_1_29' title="bbox 237 4246 387 4302; baseline 0.007 -1"><span class='ocrx_word' id='word_1_278' title='bbox 237 4246 387 4302; x_wconf 80' lang='lat'>8640000</span> 
     </span>
     <span class='ocr_line' id='line_1_30' title="bbox 167 4336 1460 4430; baseline -0.001 -22"><span class='ocrx_word' id='word_1_279' title='bbox 167 4344 301 4408; x_wconf 69' lang='lat' dir='ltr'><strong>eaeoeris</strong></span> <span class='ocrx_word' id='word_1_280' title='bbox 319 4345 464 4429; x_wconf 83' lang='lat' dir='ltr'><strong>paribus3</strong></span> <span class='ocrx_word' id='word_1_281' title='bbox 488 4358 581 4430; x_wconf 89' lang='lat' dir='ltr'><strong>atque</strong></span> <span class='ocrx_word' id='word_1_282' title='bbox 604 4343 630 4406; x_wconf 88' lang='lat' dir='ltr'><strong>si</strong></span> <span class='ocrx_word' id='word_1_283' title='bbox 655 4343 736 4408; x_wconf 87' lang='lat' dir='ltr'><strong>Solis</strong></span> <span class='ocrx_word' id='word_1_284' title='bbox 755 4355 786 4406; x_wconf 91' lang='lat' dir='ltr'><strong>et</strong></span> <span class='ocrx_word' id='word_1_285' title='bbox 805 4342 907 4406; x_wconf 82' lang='lat' dir='ltr'><strong>Lunae</strong></span> <span class='ocrx_word' id='word_1_286' title='bbox 929 4340 1009 4403; x_wconf 88' lang='lat' dir='ltr'><strong>vires</strong></span> <span class='ocrx_word' id='word_1_287' title='bbox 1033 4336 1161 4424; x_wconf 78' lang='lat' dir='ltr'><strong>prorsds</strong></span> <span class='ocrx_word' id='word_1_288' title='bbox 1186 4337 1374 4424; x_wconf 84' lang='lat' dir='ltr'><strong>conspirent,</strong></span> <span class='ocrx_word' id='word_1_289' title='bbox 1401 4344 1460 4408; x_wconf 91' lang='lat' dir='ltr'><strong>erit</strong></span> 
     </span>
     <span class='ocr_line' id='line_1_31' title="bbox 563 4456 1227 4519; baseline -0.006 0"><span class='ocrx_word' id='word_1_290' title='bbox 563 4456 586 4519; x_wconf 89' lang='lat' dir='ltr'>S</span> <span class='ocrx_word' id='word_1_291' title='bbox 753 4463 768 4518; x_wconf 94' lang='grc'>1</span> <span class='ocrx_word' id='word_1_292' title='bbox 1213 4460 1227 4515; x_wconf 95' lang='lat' dir='ltr'><strong>l</strong></span> 
     </span>
    </p>
   </div>
   <div class='ocr_carea' id='block_1_17' title="bbox 164 4490 1458 4625">
    <p class='ocr_par' dir='ltr' id='par_1_18' title="bbox 164 4490 1458 4625">
     <span class='ocr_line' id='line_1_32' title="bbox 164 4490 1458 4591; baseline 0.003 -34"><span class='ocrx_word' id='word_1_293' title='bbox 164 4515 218 4557; x_wconf 75' lang='lat' dir='ltr'><strong>ex</strong></span> <span class='ocrx_word' id='word_1_294' title='bbox 250 4493 289 4556; x_wconf 85' lang='lat' dir='ltr'><strong>iis</strong></span> <span class='ocrx_word' id='word_1_295' title='bbox 322 4494 511 4579; x_wconf 90' lang='lat' dir='ltr'><strong>conjunctim</strong></span> <span class='ocrx_word' id='word_1_296' title='bbox 545 4540 601 4591; x_wconf 57' lang='grc' dir='ltr'>Ἴ</span> <span class='ocrx_word' id='word_1_297' title='bbox 627 4523 662 4548; x_wconf 92' lang='lat'>=</span> <span class='ocrx_word' id='word_1_298' title='bbox 685 4543 837 4558; x_wconf 67' lang='grc'><strong>...-</strong></span> <span class='ocrx_word' id='word_1_299' title='bbox 854 4514 909 4557; x_wconf 84' lang='lat' dir='ltr'><strong>seu</strong></span> <span class='ocrx_word' id='word_1_300' title='bbox 926 4490 1125 4576; x_wconf 65' lang='lat' dir='ltr'><strong>proxime:</strong></span> <span class='ocrx_word' id='word_1_301' title='bbox 1143 4535 1306 4558; x_wconf 81' lang='lat'>—-....</span> <span class='ocrx_word' id='word_1_302' title='bbox 1369 4492 1458 4561; x_wconf 88' lang='lat' dir='ltr'><strong>Hinc</strong></span> 
     </span>
     <span class='ocr_line' id='line_1_33' title="bbox 554 4563 1296 4625; baseline 0.005 -7"><span class='ocrx_word' id='word_1_303' title='bbox 554 4578 573 4618; x_wconf 80' lang='lat' dir='ltr'><strong>a</strong></span> <span class='ocrx_word' id='word_1_304' title='bbox 689 4565 837 4625; x_wconf 83' lang='grc'><strong>7057700</strong></span> <span class='ocrx_word' id='word_1_305' title='bbox 1146 4563 1296 4624; x_wconf 88' lang='grc'><strong>7000000</strong></span> 
     </span>
    </p>
   </div>
   <div class='ocr_carea' id='block_1_18' title="bbox 164 4679 1455 4839">
    <p class='ocr_par' dir='ltr' id='par_1_19' title="bbox 164 4679 1455 4839">
     <span class='ocr_line' id='line_1_34' title="bbox 164 4679 1455 4839; baseline 0.004 -62"><span class='ocrx_word' id='word_1_306' title='bbox 164 4712 316 4778; x_wconf 67' lang='lat' dir='ltr'><strong>maxima</strong></span> <span class='ocrx_word' id='word_1_307' title='bbox 337 4713 496 4800; x_wconf 86' lang='lat' dir='ltr'><strong>gravitatis</strong></span> <span class='ocrx_word' id='word_1_308' title='bbox 511 4713 685 4792; x_wconf 90' lang='lat' dir='ltr'><strong>diminutio,</strong></span> <span class='ocrx_word' id='word_1_309' title='bbox 709 4736 780 4800; x_wconf 84' lang='lat' dir='ltr'><strong>quae</strong></span> <span class='ocrx_word' id='word_1_310' title='bbox 795 4713 922 4800; x_wconf 87' lang='lat' dir='ltr'><strong>quidem</strong></span> <span class='ocrx_word' id='word_1_311' title='bbox 935 4712 1010 4777; x_wconf 89' lang='lat' dir='ltr'><strong>oriri</strong></span> <span class='ocrx_word' id='word_1_312' title='bbox 1024 4715 1148 4799; x_wconf 91' lang='lat' dir='ltr'><strong>poterit,</strong></span> <span class='ocrx_word' id='word_1_313' title='bbox 1164 4715 1223 4780; x_wconf 92' lang='lat' dir='ltr'><strong>erit</strong></span> <span class='ocrx_word' id='word_1_314' title='bbox 1240 4745 1275 4772; x_wconf 88' lang='lat'><em>=</em></span> <span class='ocrx_word' id='word_1_315' title='bbox 1296 4679 1455 4839; x_wconf 47' lang='grc' dir='ltr'><strong>ᾗὸὲδοδ,</strong></span> 
     </span>
    </p>
   </div>
   <div class='ocr_carea' id='block_1_19' title="bbox 0 0 1670 5692">
    <p class='ocr_par' dir='ltr' id='par_1_20' title="bbox 0 0 1670 5692">
     <span class='ocr_line' id='line_1_35' title="bbox 0 0 1670 5692; baseline 0 0"><span class='ocrx_word' id='word_1_316' title='bbox 0 0 1670 5692; x_wconf 95' lang='lat' dir='ltr'><strong> </strong></span> 
     </span>
    </p>
   </div>
  </div>
 </body>
</html>
