3330 5692
331 507 370 562 98
633 498 969 566 PHILOSOPHIAE
993 495 1264 565 NATURALIS
1296 495 1618 577 [DaMunn.Srar.

328 689 388 731 nor
402 667 493 732 faciet
506 681 541 733 ut
555 691 634 754 aqua
649 669 795 735 ascendat
813 670 854 734 ad
868 669 1055 734 mediocrem
1076 667 1271 732 altitudinem
1289 666 1323 729 in
1340 664 1446 730 medio
1460 667 1615 751 ipsorum,

330 797 362 846 et
383 782 463 846 inter
485 781 616 846 affluxus
638 782 728 847 binos
750 782 886 845 minores
908 803 989 867 aqua
1009 779 1157 844 ascendet
1175 777 1216 841 ad
1229 775 1425 840 altitudinem
1439 776 1613 841 minimam.

332 893 384 956 Sic
398 892 498 976 spatio
512 892 620 980 viginti
635 905 768 979 quatuor
788 893 946 970 horarum,
970 913 1051 977 aqua
1065 913 1128 954 non
1143 890 1191 953 bis
1206 902 1242 953 nt
1255 889 1324 954 fieri
1338 888 1427 966 solet,
1444 888 1502 952 sed
1517 888 1612 953 semel

330 1013 449 1064 tanturn
463 1002 622 1086 perveniet
635 1002 676 1066 ad
691 1003 859 1065 maximam
874 999 1069 1064 altitudinem
1084 1011 1116 1062 et
1130 996 1225 1062 semel
1240 996 1280 1060 ad
1295 997 1473 1060 minimam:
1495 1009 1529 1060 et
1543 996 1612 1059 alti·

329 1109 406 1173 tudo
419 1110 565 1188 maxima,
582 1111 607 1173 si
624 1110 715 1174 Luna
729 1109 864 1173 declinat
878 1110 910 1171 in
924 1109 1031 1193 polum
1046 1130 1139 1193 supra
1153 1106 1344 1169 horizontem
1361 1104 1432 1182 loci,
1447 1105 1569 1169 incidet
1580 1106 1611 1167 in

329 1216 438 1281 boram
452 1218 502 1282 vel
516 1231 636 1282 sextam
650 1218 699 1281 vel
714 1218 900 1281 tricesimam
914 1217 954 1280 ab
969 1216 1102 1301 appulsu
1117 1214 1218 1278 Lunae
1232 1214 1273 1278 ad
1287 1214 1506 1291 meridianum,
1518 1227 1610 1300 atque

330 1327 431 1392 Lunae
452 1327 689 1392 declinationem
703 1341 842 1391 mutante
856 1327 1027 1391 mutabitur
1041 1328 1074 1390 in
1089 1326 1258 1391 defluxum.
1301 1325 1448 1401 Quorum
1470 1327 1610 1390 omnium

328 1438 507 1522 exemplum
535 1439 568 1501 in
591 1455 685 1523 portu
706 1439 795 1526 regni
816 1439 978 1524 'l'unquini
1000 1438 1041 1502 ad
1064 1437 1214 1503 Batsham
1229 1439 1472 1503 sub-latitudine
1494 1437 1609 1501 boreali

329 1555 371 1611 20
385 1570 433 1633 gr.
450 1549 510 1612 50'.
556 1546 699 1612 Halleius
721 1570 761 1611 ex
783 1560 947 1611 nautarum
970 1537 1237 1614 observationibus
1258 1548 1410 1633 patefecit.
1456 1548 1510 1614 Ibi
1531 1571 1609 1635 aqua

329 1657 380 1720 die
403 1658 566 1721 transitum
589 1657 691 1722 Lunoe
711 1680 769 1743 per
786 1672 976 1745 aquatorem
990 1673 1140 1746 sequente
1154 1674 1285 1749 stagnat,
1302 1661 1374 1724 dein
1390 1661 1484 1725 Lunai
1500 1661 1542 1725 ad
1554 1662 1609 1725 bo·

330 1792 414 1833 ream
429 1769 602 1834 declinante
616 1770 726 1855 incipit
738 1770 835 1835 fluere
850 1784 881 1834 et
895 1771 1037 1847 refluere,
1054 1792 1118 1834 non
1132 1772 1190 1848 bis,
1207 1784 1243 1835 ut
1256 1771 1288 1833 in
1299 1771 1366 1833 aliis
1378 1770 1545 1854 portubus,
1557 1769 1609 1835 aed

330 1880 425 1944 semel
440 1881 569 1968 singulis
584 1880 710 1956 diebus;
733 1895 765 1945 et
778 1894 871 1944 aestus
887 1881 995 1944 incidit
1010 1882 1042 1944 in
1057 1903 1202 1945 occasum
1218 1880 1329 1958 Lunae,
1352 1880 1499 1945 defluxus
1513 1880 1610 1944 maxi·

331 2012 399 2054 mus
420 1991 452 2053 in
474 2003 586 2055 ortum.
643 1991 725 2055 Cum
748 1991 849 2055 Lnnae
869 1991 1075 2056 declinatione
1097 2005 1228 2080 augetur
1250 1992 1302 2056 hic
1324 2005 1426 2068 estus,
1449 1990 1611 2079 usquead

330 2098 413 2163 diem
434 2099 597 2184 septimam
617 2100 667 2163 vel
681 2113 831 2176 octavam,
854 2099 927 2164 dein
948 2123 1005 2185 per
1028 2101 1106 2165 alios
1122 2113 1239 2185 septem
1255 2101 1321 2165 dies
1336 2100 1446 2165 iisdem
1460 2102 1611 2190 gradibus

330 2205 489 2283 decrescit,
511 2206 624 2292 quibus
645 2219 736 2269 antea
757 2219 911 2282 creverat3
934 2218 966 2270 et
987 2206 1078 2271 Luni
1093 2207 1331 2271 declinationem
1345 2220 1487 2272 mutante
1501 2220 1611 2286 σω,

331 2334 367 2376 ac
382 2335 456 2376 mox
470 2325 607 2377 mutatur
620 2313 652 2376 in
667 2313 836 2376 defluxum.
883 2312 998 2378 incidit
1015 2314 1098 2376 enim
1113 2313 1245 2377 subinde
1260 2314 1402 2377 defluxus
1417 2313 1450 2376 in
1465 2336 1612 2379 occasum

333 2421 434 2486 Lunae
458 2434 490 2484 et
514 2419 646 2484 affluxus
671 2420 703 2483 in
728 2433 840 2496 ortum,
865 2419 964 2483 donec
988 2420 1081 2484 Luna
1106 2419 1219 2483 iterum
1240 2432 1340 2483 mutet
1359 2419 1611 2487 declinationem.

333 2527 446 2592 Aditus
471 2527 511 2591 ad
533 2528 617 2591 hunc
637 2543 764 2613 portum
784 2527 923 2615 fretaque
945 2529 1045 2592 vicina
1065 2529 1182 2613 duplex
1205 2541 1300 2615 patet,
1331 2530 1410 2593 alter
1431 2531 1474 2595 ab
1495 2553 1613 2596 oceano

335 2641 456 2708 Sinensi
471 2641 551 2705 inter
566 2640 785 2705 Continentem
800 2653 832 2704 et
845 2640 977 2705 insulam
988 2640 1170 2717 Luooniam,
1181 2640 1260 2704 alter
1275 2664 1295 2704 a
1311 2640 1390 2704 mari
1407 2640 1520 2707 Indico
1534 2643 1613 2707 inter

335 2751 553 2816 continentem
568 2762 601 2813 et
621 2748 752 2813 insulam
768 2749 904 2814 Borneo.
952 2751 1006 2813 An
1023 2762 1116 2813 aestus
1132 2749 1231 2833 spatio
1249 2748 1398 2813 horarum
1412 2749 1581 2817 duodecim
1595 2776 1614 2817 a

333 2860 412 2924 mari
429 2858 548 2936 Indico,
563 2871 595 2922 et
609 2858 708 2944 spatio
722 2857 870 2922 horarum
885 2881 941 2922 sex
956 2881 975 2921 a
989 2858 1068 2921 mari
1084 2858 1206 2923 Sinensi
1220 2880 1278 2941 per
1288 2857 1367 2921 freta
1380 2857 1433 2922 illa
1443 2861 1612 2939 venientes,

336 2984 368 3034 et
388 2970 433 3033 sic
455 2970 487 3031 in
509 2967 618 3032 horam
632 2968 754 3032 tertiam
769 2981 800 3031 et
814 2989 928 3031 nonam
941 2967 1082 3031 lunarem
1097 2965 1277 3043 incidentes,
1300 2982 1491 3050 componant
1505 2967 1613 3054 hujus·

337 3082 422 3146 modi
444 3094 564 3156 motus3
586 3081 665 3143 sitne
685 3080 745 3142 alia
764 3078 893 3142 marium
910 3077 1032 3141 illorum
1048 3077 1195 3154 conditio,
1212 3076 1478 3141 observationibus
1494 3078 1612 3142 vicino-

338 3215 408 3256 rum
422 3191 561 3256 littorum
575 3187 843 3253 determinandum
864 3186 1014 3270 relinquo.

383 3302 547 3366 Hactenus
568 3321 675 3361 causas
696 3311 837 3361 motuum
860 3296 961 3360 Lunae
982 3308 1013 3358 et
1034 3296 1165 3360 marium
1188 3296 1317 3360 reddidi.
1363 3295 1415 3360 De
1441 3297 1612 3382 quantitate

338 3423 477 3473 motuum
488 3408 553 3493 jam
569 3405 711 3469 convenit
725 3402 828 3489 aliqua
842 3402 1036 3488 subjungere.
