3330 5692
179 549 242 606 296
299 541 302 547 ’
431 537 696 619 INQUISITIO
722 535 926 603 PHYSICA
949 533 998 598 lN
1022 528 1217 597 CAUSAM

178 716 286 801 regula
300 715 441 798 superior
455 738 475 777 a
490 713 635 778 distantiis
659 712 740 777 Solis
754 736 774 775 a
788 711 961 775 meridiano
982 707 1079 792 petita
1093 705 1185 769 simul
1198 704 1240 768 ad
1254 702 1465 768 differentiam

178 823 421 888 ascensionalem
438 824 519 887 Solis
535 838 566 887 et
581 822 683 886 Lunae
696 834 801 906 potest
811 817 1049 893 accommodari,
1067 818 1109 879 ita
1120 830 1155 880 ut
1166 828 1290 878 maneat
1304 815 1465 878 invariata.

181 931 244 996 Sed
259 931 299 995 ad
313 952 451 1016 praesens
465 932 651 1007 institutum,
663 952 726 1015 quo
740 941 862 992 tantum
873 927 1033 990 veritatem
1045 945 1148 987 causae
1159 923 1264 986 fluxas
1275 943 1313 985 ac
1329 923 1465 985 refluxus

178 1038 272 1101 maris
286 1037 434 1101 exhibitae
449 1037 609 1102 declarare
624 1034 804 1112 annitimur,
827 1056 891 1098 non
907 1055 986 1118 opus
1001 1045 1049 1094 est
1063 1031 1132 1094 haec
1151 1029 1296 1113 pluribus
1309 1029 1464 1115 persequi,

178 1144 294 1229 quippe
308 1168 378 1230 quae
392 1146 589 1230 potissimum
604 1143 644 1206 ad
660 1144 905 1207 accuratissimos
919 1140 1014 1204 aestlrs
1028 1139 1140 1202 marini
1155 1139 1279 1202 tabulas
1294 1151 1464 1222 supputan-

178 1249 234 1314 das
249 1252 415 1336 pertinent,
428 1275 498 1338 quae
510 1276 559 1317 res
574 1252 606 1316 in
621 1250 781 1337 propositi
793 1251 963 1337 quastione
979 1248 1194 1312 illustrissima
1207 1248 1393 1312 Academiae
1402 1267 1463 1309 non

180 1361 332 1424 contineri
346 1361 478 1424 videtur.

726 1655 907 1677 mm

612 1881 787 1959 CAPUT
812 1881 1038 1958 SEXTUM.

298 2107 359 2178 De
375 2128 457 2179 tero
474 2117 560 2179 oestu
575 2107 709 2193 Moris,
733 2117 898 2203 quotenus
914 2106 937 2180 d
956 2108 1079 2182 Tenis
1095 2128 1164 2179 non
1180 2107 1355 2178 turbatio.

179 2363 204 2438 i
220 2364 271 2425 71.
288 2330 402 2445 Qun
419 2356 568 2421 hactenus
583 2378 623 2422 ex
637 2358 754 2423 viribus
772 2359 854 2424 Solis
869 2381 906 2422 ac
922 2359 1023 2423 Lunae
1037 2359 1120 2421 circa
1134 2367 1246 2420 oestum
1261 2355 1358 2418 maris
1373 2351 1468 2418 fusitls

179 2462 378 2540 deduximus,
394 2463 430 2527 ei
447 2463 611 2548 hypothesi
626 2465 776 2541 nituntur,
793 2464 939 2540 assumti,
963 2487 1026 2550 qua
1045 2484 1156 2549 aquam
1171 2463 1293 2526 inertiae
1308 2474 1469 2546 expertem

179 2572 358 2654 posuimus:
382 2571 586 2656 quamobrem
606 2592 672 2634 nou
694 2585 741 2635 ert
762 2572 940 2635 mirandum
962 2572 988 2635 si
1010 2570 1151 2655 plerique
1173 2569 1300 2633 effectus
1321 2565 1470 2656 assignati

179 2697 251 2741 cum
265 2678 480 2763 phaenomenis
495 2676 598 2741 miritis
612 2691 796 2765 congruant,
819 2691 913 2764 atque
928 2678 1007 2742 adeo
1021 2699 1163 2764 pugnare
1177 2675 1363 2751 videantur3
1386 2673 1471 2761 quod

179 2787 304 2851 sienim
324 2787 406 2850 inter
420 2809 453 2850 se
474 2809 603 2870 prorsus
618 2789 828 2865 convenirent,
852 2788 973 2852 theoria
987 2811 1052 2852 non
1068 2787 1168 2852 solrlm
1183 2809 1247 2851 non
1262 2810 1301 2849 eo
1316 2807 1471 2849 conserrsn

179 2897 426 2974 confirmaretur,
443 2897 498 2960 sed
513 2895 618 2981 potitis
633 2899 762 2961 omnino
773 2898 1012 2974 subverteretur,
1029 2896 1102 2961 clim
1115 2896 1245 2982 quilibet
1255 2893 1346 2958 facile
1358 2915 1472 2982 agnos-

179 3015 230 3065 cat
250 3004 291 3067 ob
313 3025 403 3089 aquae
425 3004 567 3067 inertiam
589 3003 897 3069 determinationibus
918 3005 1065 3069 exhibitis
1088 3003 1247 3090 ingentem
1261 3003 1469 3065 mutationem

179 3110 286 3173 inferri
301 3111 424 3176 debere.
470 3112 553 3187 Quae
567 3127 670 3175 autem
685 3135 726 3176 ex
741 3113 881 3176 deductis
897 3113 1148 3176 conclusionibus
1162 3110 1299 3173 maxime
1313 3111 1355 3173 ab
1371 3132 1467 3194 expe-

181 3217 290 3280 rientii
313 3217 509 3294 dissentiunt,
534 3220 728 3302 potissimum
745 3220 947 3304 quantitatem
963 3220 1142 3283 elevationis
1159 3241 1249 3302 aquae
1264 3240 1301 3280 ac
1321 3217 1472 3300 temporis

181 3343 384 3404 momentum,
408 3352 470 3414 quo
493 3343 557 3392 tam
579 3352 701 3392 summa
721 3330 815 3393 maris
836 3330 967 3393 elevatio
982 3328 1076 3414 quim
1098 3329 1160 3389 ima
1175 3326 1336 3409 depressio
1352 3327 1473 3389 contin·

179 3457 254 3521 gere
279 3436 367 3511 solet,
394 3437 571 3519 respiciunt
618 3437 781 3522 Nusquam
807 3439 891 3500 enim
918 3438 971 3500 ubi
999 3437 1125 3522 quidem
1152 3457 1238 3497 mare
1265 3447 1312 3497 est
1339 3435 1472 3498 liberum

181 3556 273 3626 atque
289 3558 441 3626 apertum,
458 3557 522 3606 tarn
537 3544 685 3629 exiguum
700 3544 865 3607 discrimen
881 3546 962 3607 inter
975 3545 1096 3606 fluxum
1111 3566 1148 3606 ac
1163 3543 1319 3606 refluxum
1336 3544 1369 3604 in
1384 3566 1473 3629 aquae

181 3651 342 3715 altitudine
357 3653 549 3730 observatur,
566 3654 656 3738 quale
672 3654 703 3715 in
719 3654 967 3737 praecedentibus
982 3654 1191 3728 definivimus,
1208 3666 1345 3735 quatuor
1357 3654 1475 3717 scilicet

181 3761 298 3843 pedum
319 3775 457 3837 tantum3
481 3785 551 3847 quae
573 3763 704 3826 elevatio
725 3764 853 3847 insuper
875 3778 979 3826 tamen
995 3764 1130 3827 maxima
1145 3777 1192 3826 est
1207 3763 1414 3846 deprehensa,
1438 3786 1473 3827 ac

183 3884 249 3933 tum
271 3871 372 3935 soltim
394 3872 537 3948 oriunda,
554 3872 680 3958 quando
702 3885 768 3935 turn
790 3873 877 3958 regio
892 3895 991 3956 prope
1005 3885 1195 3958 aequatorem
1218 3884 1265 3934 est
1287 3872 1357 3948 sita,
1380 3871 1474 3958 quim

183 3976 264 4039 vires
282 3977 481 4040 luminarium
502 3979 584 4041 inter
599 4001 631 4041 sc
647 3978 781 4041 maximi
796 3981 984 4064 conspirant
1031 3980 1231 4065 Experieutii
1249 4002 1384 4064 namque
1401 4003 1475 4044 con·

184 4092 255 4155 stat,
271 4081 428 4168 plerisque
444 4083 474 4144 in
490 4083 575 4158 locis,
598 4084 624 4145 si
645 4096 739 4146 aestus
754 4085 914 4172 contingat
928 4085 1092 4161 maximus,
1109 4108 1221 4170 aquam
1237 4107 1300 4146 non
1315 4085 1421 4148 soldm
1436 4085 1475 4149 ad

183 4188 377 4254 altitudinem
390 4192 488 4277 duplo
502 4195 661 4277 mojorem,
678 4193 732 4256 sed
749 4195 842 4257 etiam
857 4195 1074 4280 quadruplam,
1097 4194 1160 4257 imo
1176 4194 1334 4257 nonnullis
1351 4195 1384 4257 in
1400 4194 1478 4259 locis

184 4294 263 4358 adeo
285 4296 449 4382 decuplam
470 4300 589 4376 attolli3
614 4323 790 4387 quanquam
814 4300 882 4365 haec
904 4304 1039 4366 enormis
1055 4302 1184 4365 elevatio
1199 4325 1262 4365 non
1279 4302 1336 4365 soli
1356 4304 1478 4367 inertiae

185 4424 284 4487 aquae,
308 4402 363 4466 sed
385 4406 555 4470 maximam
577 4420 699 4490 partem
715 4409 816 4471 vicino
830 4411 1002 4474 continenti
1022 4434 1058 4474 ac
1073 4411 1212 4473 littorum
1229 4412 1300 4473 situi
1316 4424 1363 4474 est
1379 4413 1479 4476 tribu·

185 4508 276 4584 enda,
303 4509 348 4571 uti
374 4511 406 4572 in
434 4515 574 4599 sequenti
603 4515 714 4598 Capite
740 4516 908 4583 clarissimi
936 4519 1169 4582 monstrabitur.
1226 4519 1353 4582 Deinde
1383 4521 1480 4583 etiam

186 4620 272 4707 quod
287 4619 327 4683 ad
342 4633 465 4705 tempus
479 4627 599 4703 attinet,
623 4648 779 4712 nusquam
796 4627 855 4692 illis
876 4629 950 4713 ipsis
965 4631 1139 4706 momentis,
1156 4652 1227 4713 quae
1243 4631 1479 4715 assignavimus,

186 4731 291 4793 fluxus
306 4750 343 4792 ac
359 4722 495 4794 refluxus
511 4756 650 4818 unquam
675 4736 869 4822 contingunt,
895 4757 952 4799 nec
976 4738 1067 4799 etiam
1084 4738 1317 4822 tempestatibus
1332 4737 1386 4800 hic
1402 4737 1491 4801 deli·

187 4837 260 4902 uitis
282 4836 385 4901 fluxus
409 4838 537 4901 maximi
561 4840 611 4903 vel
637 4841 767 4918 minimi,
796 4843 851 4905 sed
875 4843 990 4927 ubique
1012 4843 1131 4907 tardids
1155 4845 1278 4908 evenire
1300 4857 1490 4909 constanter·
