3330 5692
92 601 393 688 LsnanTrrrrns.]
420 604 663 671 PRINCIPIA
686 603 1056 670 MATHEMATICA.
1317 615 1378 672 199

91 778 212 841 circum
227 800 303 842 axes
318 800 401 854 suos,
418 799 576 864 quaecum
590 778 728 843 motibus
743 778 896 842 vorticum
907 799 1080 866 congruere
1090 771 1249 856 deberent,
1262 779 1302 842 ab
1314 801 1381 842 om-

88 885 182 949 nibus
203 885 290 950 hisce
310 885 565 970 proportionibus
588 884 774 969 discrepant.
821 884 931 949 Motus
954 896 1146 949 cometarum
1168 895 1240 947 sunt
1260 887 1380 951 summe

89 995 260 1082 regulares,
287 1006 319 1060 et
343 995 470 1059 easdem
494 995 580 1081 leges
605 1015 676 1058 cum
699 993 897 1078 planetarum
919 993 1056 1056 motibus
1073 993 1250 1069 observant,
1272 1005 1303 1057 et
1320 1017 1379 1078 per
1426 1042 1432 1059 ι

88 1103 225 1166 vortices
241 1103 392 1188 explicari
411 1114 580 1188 nequeunt.
627 1103 783 1167 Feruntur
797 1115 928 1167 cometae
941 1103 1077 1166 motibus
1091 1100 1181 1166 valde
1201 1103 1380 1166 eccentricis

88 1214 122 1276 in
139 1235 249 1277 omnes
264 1213 415 1276 coelorum
429 1225 545 1296 partes,
562 1214 646 1299 quod
661 1213 729 1277 fieri
748 1236 812 1278 non
827 1227 940 1298 potest,
956 1214 1017 1277 nisi
1030 1214 1163 1277 vortices
1178 1213 1336 1278 tollantur.

134 1321 321 1408 Projectilia‚
345 1324 378 1386 in
400 1325 471 1386 ae're
487 1335 604 1400 nostro,
628 1323 726 1386 solam
747 1324 826 1387 aiiris
841 1325 1047 1388 resistentiam
1062 1324 1208 1387 sentiunt.
1251 1323 1381 1389 Sublato

88 1431 173 1508 aare,
196 1441 231 1493 ut
252 1430 289 1493 fit
310 1431 344 1493 in
357 1451 457 1493 vacuo
473 1430 638 1516 Boyliano,
662 1431 838 1495 resistentia
857 1442 965 1508 cessat,
989 1430 1143 1515 siquidem
1156 1430 1264 1515 pluma
1278 1431 1380 1495 tenuis

90 1548 249 1602 eteorum
263 1536 398 1600 solidum
412 1538 526 1623 aequali
541 1560 612 1602 cum
626 1538 787 1602 velocitate
802 1540 836 1602 in
849 1538 911 1602 hoc
925 1559 1023 1602 vacuo
1038 1538 1165 1603 cadunt.
1209 1539 1252 1603 Et
1265 1562 1323 1624 par
1334 1556 1381 1604 est

88 1647 170 1712 ratio
191 1647 364 1732 spatiorum
385 1649 566 1726 coelestium,
589 1672 660 1736 quae
675 1663 748 1715 sunt
763 1649 858 1737 suprd
874 1651 1114 1736 atmosphaeram
1135 1651 1254 1716 Terrae.
1300 1635 1396 1717 Cor-i

89 1777 169 1842 pora
183 1758 290 1821 omnia
303 1759 337 1820 in
351 1759 417 1822 istis
433 1760 539 1843 spatiis
560 1759 717 1825 liberrime
731 1762 850 1825 moveri
865 1761 1000 1838 ‹lebent;
1022 1775 1053 1826 et
1066 1776 1233 1848 propterea
1246 1764 1380 1848 planetae

91 1876 125 1929 et
139 1876 270 1928 cometa
284 1865 318 1928 in
332 1865 460 1930 orbibus
475 1868 578 1951 specie
593 1880 624 1931 et
637 1867 792 1952 positione
803 1868 883 1933 datis
895 1869 1066 1933 secundum
1081 1870 1165 1957 leges
1179 1869 1273 1955 suprd
1284 1893 1381 1956 expo-

88 1974 164 2038 sitas
184 1973 337 2060 perpetub
358 1976 485 2041 revolvi.
532 1977 781 2042 Perseverabunt
795 1979 924 2065 quidem
944 1980 978 2043 in
993 1981 1121 2045 orbibus
1136 1981 1200 2045 suis
1215 2004 1273 2066 per
1293 1982 1379 2070 leges

75 2081 260 2168 'gravitatis
276 2080 332 2145 sed
346 2083 522 2170 regularem
537 2085 659 2148 orbium
672 2086 765 2148 situm
779 2085 924 2169 primitiis
941 2086 1101 2171 acquirere
1114 2109 1171 2171 per
1186 2088 1271 2175 leges
1285 2087 1379 2153 hasce

89 2188 218 2254 minime
232 2201 413 2274 potuerunt.

134 2299 274 2364 Planetae
289 2323 344 2364 sex
358 2302 545 2386 principales
561 2302 762 2366 revolvuntur
776 2302 895 2365 circum
912 2301 1017 2365 Solem
1037 2302 1070 2364 in
1084 2303 1207 2366 circulis
1226 2304 1292 2367 Soli
1306 2326 1381 2367 con-

90 2407 244 2483 oentricis,
260 2406 371 2472 eidem
384 2409 488 2473 motirs
503 2409 683 2486 directione,
699 2408 732 2470 in
747 2408 859 2472 eodem
873 2407 968 2492 plano
984 2409 1230 2494 quamproxime.
1277 2411 1379 2474 Lunae

89 2513 199 2577 decern
221 2514 423 2579 revolvuntur
444 2516 561 2579 circum
584 2515 727 2591 Terram,
751 2514 864 2578 Jovem
878 2525 909 2578 et
926 2515 1096 2579 Saturnum
1117 2514 1288 2581 in'circulis
1303 2540 1380 2582 con-

90 2622 244 2699 centricis,
270 2623 380 2687 eidem
406 2624 508 2688 motirs
534 2624 713 2700 directione,
737 2624 770 2685 in
792 2623 894 2709 planis
914 2624 1038 2687 orbium
1058 2624 1255 2709 planetarum
1271 2648 1381 2711 quam·

91 2731 246 2816 proxime.
303 2733 343 2818 (Ι)
371 2734 415 2798 Et
434 2734 468 2797 hi
489 2756 597 2798 omnes
622 2744 726 2797 motus
750 2733 919 2820 regulares·
936 2734 1088 2820 originem
1110 2756 1174 2798 non
1199 2734 1316 2798 habent
1339 2757 1381 2799 ex

91 2843 192 2906 causis
214 2842 419 2919 mechanicis3
451 2843 606 2928 siquidem
628 2854 758 2906 cometae
779 2842 812 2904 in
835 2842 962 2905 orbibus
984 2842 1075 2906 valde
1093 2842 1285 2920 eccentricis,
1301 2844 1381 2908 etin

15 3036 21 3043 .
91 2971 200 3016 omnes
222 2952 374 3016 coelorum
394 2963 499 3036 partes
520 2950 617 3015 libere
639 2950 790 3014 feruntur.
836 2949 912 3024 Quo
925 2949 1028 3015 motuis
1043 2973 1159 3037 genere
1173 2964 1302 3015 cometae
1324 2973 1382 3035 per

91 3060 183 3124 orbes
204 3059 402 3144 planetarum
423 3059 583 3125 celerrime
605 3071 637 3124 et
650 3058 795 3123 facillime
810 3071 981 3136 transeunt,
1003 3072 1035 3123 et
1056 3060 1089 3122 in
1105 3061 1234 3144 apheliis
1249 3061 1311 3124 suis
1327 3061 1381 3125 ubi

92 3169 245 3233 tardiores
267 3181 340 3233 sunt
362 3183 394 3233 et
414 3168 531 3233 diutinis
553 3181 725 3244 morantur,
749 3168 844 3252 quam
860 3166 1039 3253 longissime
1054 3167 1170 3232 distant
1184 3168 1223 3231 ab
1238 3168 1380 3245 invicem,

91 3291 127 3341 ut
141 3299 176 3341 se
190 3276 301 3341 mutud
315 3274 409 3363 quam
423 3276 551 3340 minime
571 3277 705 3340 trahant.
751 3273 991 3359 Elegantissima
1004 3273 1110 3338 haecce
1128 3274 1218 3352 Solis,
1241 3274 1382 3359 planeta·

92 3405 163 3448 rum
178 3395 211 3447 et
225 3396 417 3448 cometarum
434 3405 601 3470 compages
616 3405 680 3447 non
694 3383 754 3446 nisi
769 3380 899 3446 consilio
914 3395 945 3445 et
959 3381 1099 3446 dominio
1113 3382 1192 3446 entis
1207 3381 1382 3469 intelligen-

92 3493 131 3555 tis
146 3505 178 3555 et
190 3493 327 3577 potentis
343 3493 417 3556 oriri
431 3493 542 3576 potuit.
573 3491 657 3555 Etsi
672 3491 770 3554 stellae
785 3491 859 3554 fixae
874 3491 936 3553 sint
950 3503 1056 3553 centra
1071 3490 1217 3553 similium
1232 3504 1382 3576 systema·

91 3615 170 3677 tum,
190 3601 260 3665 haec
275 3602 380 3665 omnia
393 3601 485 3666 simili
500 3601 629 3665 consilio
645 3612 823 3664 constructa
838 3599 988 3663 suberunt
1008 3597 1103 3663 Urtius
1117 3598 1273 3662 dominio:
1297 3620 1379 3682 prae-

92 3709 200 3772 sertim
215 3707 287 3773 crim
301 3708 358 3772 lux
372 3709 506 3773 fixarum
522 3709 562 3771 sit
575 3707 715 3792 ejusdem
730 3719 850 3771 naturae
864 3728 900 3770 ac
915 3707 970 3768 lux
987 3705 1077 3784 Solis,
1090 3716 1122 3769 et
1136 3716 1301 3791 systemata
1315 3728 1382 3768 om·

90 3817 145 3880 nia
169 3816 271 3880 lucem
296 3818 329 3882 in
351 3817 456 3881 omnia
476 3817 608 3881 invicem
632 3816 808 3880 immittant
854 3814 897 3878 Et
917 3836 958 3877 ne
979 3813 1113 3876 fixarum
1135 3824 1303 3899 systemata
1323 3835 1380 3897 per

92 3927 277 4012 gravitatem
300 3947 388 3989 suam
410 3926 442 3988 in
464 3948 497 3988 se
520 3924 629 3988 mutub
652 3924 772 4002 cadant,
795 3924 847 3987 hic
862 3923 970 3987 eadem
990 3924 1172 3986 immensam
1187 3923 1226 3986 ab
1248 3920 1381 3987 invicem

91 4031 269 4096 distantiam
289 4033 436 4117 posuerit.

126 4204 161 4268 (¹)
171 4209 184 4237 ·
193 4207 225 4253 Et
234 4208 340 4255 nomm
348 4216 423 4255 mutus
430 4209 554 4268 vegetiores.
574 4205 724 4255 celeberrimi
755 4204 900 4261 tribuendoe;
911 4205 952 4252 aed
963 4221 1075 4269 magnum
1087 4205 1249 4266 philosophum
1261 4221 1308 4252 non
1316 4205 1383 4254 decet

94 4270 137 4316 viri
157 4269 263 4319 loannes
283 4279 307 4317 et
330 4269 417 4318 Daniel
438 4271 599 4328 Beruoullius,
621 4270 684 4330 prior
698 4271 724 4316 in
756 4268 935 4318 &musculum
944 4284 1067 4325 reconem,
1075 4271 1115 4317 ubi
1126 4270 1224 4334 aliquus
1235 4270 1382 4330 phenomeni

96 4332 198 4394 mysos
218 4332 320 4389 Caelesti.
339 4334 452 4395 posterior
470 4335 495 4381 in
516 4334 725 4397 Disquisitionibua
756 4333 1021 4396 quariturerplicatio.)
1055 4334 1178 4397 Numquid
1195 4336 1245 4397 pari
1257 4336 1312 4397 jure
1325 4336 1383 4384 car-

97 4397 354 4459 Pyu'oo-asuonomicis
369 4399 528 4474 ιιιιώιιιίωιιι
544 4400 655 4447 horumce
673 4413 724 4446 rno-
756 4399 872 4446 tesianum
901 4397 1215 4478 philosophumposmmus
1241 4399 1383 4512 interrogare

94 4471 165 4509 tuom
175 4466 445 4511 causamexvortscrbus
459 4472 574 4524 repetam
612 4461 725 4510 Sedcbm
756 4462 857 4525 quinam
879 4477 949 4509 causa
974 4463 1109 4510 mechanica
1131 4473 1227 4511 vortices
1252 4479 1324 4511 moun
1341 4479 1382 4512 um

94 4525 236 4574 manniae
251 4525 416 4586 explicationes
431 4527 479 4574 illa
495 4528 604 4574 omnibus
618 4527 725 4574 obnoxia
756 4527 830 4574 varias
846 4526 982 4573 directiones
997 4527 1108 4583 ferantur,
1125 4543 1167 4574 cur
1183 4528 1328 4588 planetamm
1338 4529 1382 4575 eir-

94 4590 143 4637 sint
157 4589 333 4638 difficultatibus
349 4590 435 4654 quibus
450 4591 564 4639 nordeum
580 4591 726 4652 hypothesim
757 4590 924 4639 eumsoluium
940 4591 1036 4638 vortices
1049 4593 1079 4638 ab
1094 4591 1214 4640 occidente
1231 4593 1256 4639 in
1270 4593 1381 4640 orientem

95 4653 227 4766 m
238 4653 390 4766 utensq'ffius,
400 4655 458 4766 linig
469 4654 665 4767 “iffi‘ff
681 4655 725 4701 im·
757 4655 912 4704 moveantur?
931 4655 981 4765 eggid
989 4656 1159 4766 phaeoomenqn
1176 4656 1270 4767 {liquod
1288 4656 1318 4703 ed
1335 4654 1382 4715 pri·

95 4783 168 4829 hebet
182 4733 251 4830 Joiii
267 4729 419 4830 Bernoulliiii
434 4734 727 4832 maurilionem'laaenibi
757 4733 970 4846 qgaprmceffloem
982 4728 1137 4831 iligniilffion
1148 4733 1382 4848 ffueffdsffi

96 4847 143 4894 lsoe
152 4845 203 4906 ipso
215 4847 324 4894 senoni
334 4846 393 4895 loeo.
419 4848 458 4910 (Si
469 4863 545 4895 caussa
555 4848 602 4894 illa
613 4859 727 4895 nonaum
758 4848 920 4911 philosophum
933 4862 980 4894 non
993 4846 1095 4896 dedecet.

97 4909 246 4968 mechanica,
264 4921 335 4960 erunt
354 4913 554 4973 pratemstorrles
572 4922 597 4960 et
614 4912 727 4960 runculo
