3330 5692
195 596 257 651 286
426 586 692 662 lNQUlSITlO
716 586 920 653 PHYSICA
943 587 993 651 IN
1017 586 1211 653 CAUSAM

194 761 259 826 tdm
276 763 445 825 minimam.
490 760 635 825 Tertium
650 762 784 846 denique
804 784 904 849 genus
919 761 1168 824 observationum
1185 762 1344 846 adipsum
1359 781 1476 829 motum

192 874 287 935 maris
313 873 505 955 reciprocum
532 884 659 956 spectat,
686 872 784 957 iisque
807 870 1030 934 determinatur
1052 870 1167 957 quanti
1189 871 1346 936 celeritate
1369 875 1474 958 quovis

192 979 340 1062 temporis
364 990 523 1041 momento
547 977 665 1042 alterna
689 979 782 1042 maris
808 978 937 1042 elevatio
962 1001 999 1042 ac
1022 979 1181 1062 depressio
1202 980 1393 1058 absolvatur,
1415 983 1474 1045 sive

147 1069 152 1094 ⁸
192 1100 408 1150 momentanea
428 1087 568 1162 mutati0,
592 1086 666 1150 dum
690 1109 775 1149 mare
797 1110 816 1149 a
834 1087 920 1150 fluxu
936 1086 976 1149 ad
991 1087 1144 1149 refluxum
1159 1087 1270 1150 transit
1285 1100 1317 1150 et
1331 1088 1472 1164 vicissim,

190 1197 401 1284 investigatur.
447 1197 572 1272 Quibus
598 1197 697 1260 tribus
722 1196 814 1259 rebus
840 1194 911 1259 edm
934 1196 1163 1259 observationes
1185 1197 1471 1261 convenientissime

190 1304 399 1380 instituantur,
416 1304 525 1367 iisdem
541 1304 661 1367 theoria
676 1318 769 1390 atque
783 1303 948 1387 explicatio
967 1303 1245 1386 phaenomenorum
1260 1304 1470 1368 commodissi-

190 1412 240 1475 me
262 1412 452 1475 tractabitur.
499 1411 547 1474 Ac
570 1412 679 1495 primae
700 1410 825 1496 quidem
843 1424 874 1473 et
888 1411 989 1473 tertiae
1002 1410 1084 1494 parti
1104 1431 1164 1493 pro
1178 1412 1285 1472 nostri
1307 1410 1470 1496 hypothesi

189 1523 219 1586 in
235 1518 483 1607 praecedentibus
500 1521 663 1606 Capitibus
678 1519 801 1584 abunde
816 1517 1004 1583 satisfactum
1020 1518 1149 1581 videtur.

231 1637 254 1713 §.
278 1638 329 1693 ⁵8.
360 1628 519 1704 Quoniam
543 1641 646 1691 autem
671 1651 690 1691 a
715 1627 807 1690 maris
833 1626 942 1689 inertia
965 1625 1093 1710 aliisque
1114 1625 1356 1689 circumstantiis
1378 1630 1468 1691 maris

188 1749 308 1800 motum
323 1735 518 1798 turbantibus
533 1757 641 1797 omnes
656 1734 857 1821 cogitationes
872 1733 974 1796 adhuc
986 1731 1201 1807 abstrahimus,
1216 1732 1414 1798 manifestum
1424 1750 1470 1799 est

187 1844 302 1928 ubique
322 1842 503 1916 Terrarum,
519 1842 544 1903 si
558 1840 624 1904 sola
648 1823 747 1904 Lunae
763 1842 808 1903 vis
823 1862 907 1904 mare
923 1839 1061 1925 agitaret,
1077 1859 1189 1923 aquam
1204 1837 1343 1900 maxime
1359 1839 1468 1904 elevari

186 1949 301 2012 debere
323 1947 395 2012 edm
418 1948 509 2020 Lupa
524 1948 564 2011 ab
577 1947 737 2011 horizonte
751 1945 929 2034 longissime
944 1945 1036 2009 fuerit
1050 1957 1177 2020 remota,
1193 1944 1254 2008 hoc
1267 1960 1317 2010 est
1337 1947 1374 2010 iis
1397 1950 1466 2034 ipsis

186 2054 351 2118 momentis
374 2055 485 2140 quibus
509 2054 601 2118 Luna
623 2075 678 2136 per
699 2053 905 2117 meridianum
919 2052 984 2116 dati
1004 2049 1065 2114 loci
1087 2063 1151 2113 tam
1166 2072 1261 2134 supra
1274 2049 1370 2135 quiam
1391 2054 1469 2119 infra

187 2162 320 2226 Terram
335 2163 463 2225 transit:
487 2175 559 2224 sunt
580 2162 663 2225 enim
685 2160 870 2224 elevationes
884 2182 974 2246 aquae
989 2159 1021 2221 in
1035 2155 1192 2240 duplicat
1208 2157 1329 2220 ratione
1344 2160 1466 2224 sinuum

184 2271 402 2336 distantiarum
426 2272 528 2336 Lunae
543 2272 583 2336 ab
602 2271 773 2346 horizonte,
796 2294 837 2335 ex
852 2294 915 2356 quo
930 2271 1019 2336 simul
1036 2275 1208 2337 successiva
1221 2274 1316 2337 maris
1332 2294 1466 2337 commo

184 2382 229 2445 tio
252 2382 460 2469 cognoscitur.
506 2381 715 2465 Excipiuntur
737 2395 841 2446 autem
863 2382 946 2458 hinc,
969 2398 1006 2447 ut
1022 2384 1088 2468 jam
1102 2386 1287 2461 notavimus,
1304 2385 1375 2448 loca
1389 2384 1466 2468 polis

185 2488 295 2552 Terrae
316 2490 470 2574 proxima,
495 2489 606 2576 quibus
630 2489 722 2553 Luna
744 2489 793 2552 vel
814 2512 878 2551 non
899 2491 998 2553 oritur
1013 2491 1062 2554 vel
1083 2514 1146 2554 non
1162 2491 1295 2567 occidit;
1319 2493 1364 2556 ibi
1386 2492 1466 2555 enim

183 2599 282 2662 altero
298 2598 399 2662 Lunae
414 2598 454 2661 ad
470 2597 674 2660 meridianum
690 2597 824 2681 appulsu
838 2620 919 2682 aqua
934 2597 1027 2661 debet
1041 2622 1108 2662 esse
1122 2620 1252 2675 summa,
1276 2597 1377 2663 altero
1396 2599 1464 2661 ima.

184 2698 302 2773 Vervim
318 2709 358 2772 de
373 2708 421 2771 his
436 2709 512 2772 locis
527 2731 591 2771 nou
606 2708 775 2773 admodum
790 2710 904 2772 erimus
919 2710 1061 2787 solliciti3
1078 2711 1149 2776 clun
1161 2726 1224 2776 tam
1235 2713 1465 2776 observationes

182 2813 377 2891 sufficientes,
394 2814 506 2900 quibus
522 2814 641 2880 theoria
654 2816 814 2899 probetur,
831 2815 987 2892 deficiant,
1003 2814 1096 2902 quam
1112 2820 1177 2903 ipse
1192 2819 1287 2881 maris
1301 2830 1407 2881 motus
1421 2818 1464 2879 in·

181 2920 301 2984 dicatus
316 2923 428 2985 rationi
442 2923 482 2985 sit
496 2937 729 3000 consentaneus,
745 2945 847 3008 neque
862 2923 1096 3016 confirmatione
1111 2925 1259 3012 indigeat.
1300 2924 1340 2988 lu
1356 2924 1464 2988 Terra

180 3026 256 3089 locis
282 3050 358 3114 ergo
383 3051 402 3091 a
426 3029 506 3111 polis
526 3031 600 3092 satis
621 3030 747 3093 remotis
769 3053 822 3092 seu
845 3043 935 3093 extra
955 3031 1086 3094 circulos
1108 3033 1230 3116 polares
1253 3032 1331 3108 sitis,
1353 3030 1462 3116 quibus

182 3133 275 3197 Luna
289 3135 450 3197 intervallo
472 3144 513 3198 24
536 3136 566 3198 h.
583 3141 644 3199 48¹.
660 3151 723 3199 tarn
745 3137 844 3200 oritur
858 3137 949 3222 quam
966 3139 1041 3214 obit,
1066 3140 1235 3202 elevabitur
1251 3163 1339 3202 mare
1353 3140 1462 3203 eodem

180 3245 328 3327 temporis
352 3243 514 3306 intervallo
540 3244 597 3319 bis,
624 3246 775 3331 totiesque
799 3246 1009 3331 deprimetur3
1047 3261 1138 3333 atque
1169 3262 1300 3332 utraque
1330 3250 1462 3311 maxima

179 3349 273 3411 maris
295 3349 426 3412 altitudo
448 3351 616 3436 continget,
640 3349 711 3413 etim
735 3351 827 3414 Luna
842 3352 881 3414 ad
897 3353 1103 3416 meridianum
1126 3353 1208 3417 illius
1230 3354 1291 3416 loci
1312 3356 1459 3439 pervenit,

179 3457 307 3519 minima
322 3456 396 3520 verb
412 3455 483 3520 cdm
501 3458 593 3520 Luna
607 3456 797 3523 horizontem
814 3460 945 3546 attingit.
993 3461 1080 3523 Hinc
1095 3461 1190 3547 igitur
1205 3463 1356 3545 temporis
1372 3463 1460 3524 inter·

179 3564 293 3626 vallum
316 3565 397 3626 inter
418 3563 509 3626 binos
524 3586 613 3649 aquoe
627 3565 731 3628 fluxus
747 3588 801 3628 seu
818 3589 952 3630 summus
969 3567 1157 3630 elevationes
1179 3568 1374 3652 interjectum
1392 3590 1461 3630 con·

179 3685 295 3734 stanter
310 3672 369 3735 erit
393 3679 431 3734 12
452 3669 483 3732 h.
500 3675 561 3733 24‘.
577 3673 616 3734 ab
638 3671 799 3734 anomaliis
822 3672 923 3735 Lunae
940 3687 1073 3736 mentem
1089 3673 1318 3749 abstrahend03
1342 3688 1374 3737 at
1389 3688 1460 3737 tem·
1514 3708 1520 3716 ·

178 3805 237 3866 pus
252 3804 381 3845 summae
396 3781 612 3864 depressionis,
636 3779 707 3845 etim
722 3781 909 3864 respondeat
923 3783 1065 3866 appulsui
1088 3782 1188 3845 Lunae
1204 3782 1243 3845 ad
1260 3783 1460 3857 horizontem,

178 3894 258 3958 inter
280 3895 369 3956 binas
391 3894 576 3956 elevationes
598 3894 758 3977 aequaliter
772 3915 835 3955 non
852 3893 1052 3977 interjacebit,
1070 3893 1125 3955 sed
1140 3893 1227 3955 alteri
1244 3892 1412 3954 elevationi
1427 3889 1462 3952 ed
1488 3918 1509 3933 -

179 4005 238 4066 erit
259 4004 397 4087 propitia,
420 4003 483 4090 qui)
498 4005 597 4088 major
611 4003 704 4065 fuerit
718 4001 789 4066 crim
810 4003 870 4065 loci
886 4004 1036 4086 propositi
1051 4002 1181 4065 elevatio
1195 4001 1260 4085 poli
1277 4013 1346 4064 tum
1363 3999 1460 4062 Lunae

179 4114 353 4189 declinatio,
369 4115 430 4178 hoc
445 4127 491 4177 est
506 4113 568 4199 qni)
583 4116 680 4198 majus
696 4113 787 4177 suerit
798 4114 962 4177 discrimen
977 4117 1057 4177 iuter
1068 4130 1171 4178 ortum
1183 4114 1345 4176 obitumve
1360 4113 1460 4177 Lunae

179 4235 210 4284 et
225 4221 376 4283 circulum
391 4221 550 4285 horarium
566 4236 697 4284 sextum.

223 4334 246 4408 l.
263 4337 313 4392 59.
337 4328 399 4392 Sed
423 4331 647 4416 conjungamus
663 4352 734 4393 cum
752 4330 842 4393 Lunai
866 4332 928 4393 vim
954 4331 1045 4405 Solis,
1071 4344 1104 4392 ut
1119 4342 1234 4392 nostra)
1251 4329 1464 4392 conclusiones

179 4438 277 4523 magis
300 4437 339 4499 ad
362 4437 592 4503 observationes
614 4439 832 4524 perducantur.
879 4443 927 4503 Ac
947 4441 1049 4523 primo
1065 4439 1189 4524 quidem
1206 4438 1407 4500 manifestum
1422 4451 1464 4498 est

179 4560 318 4627 tempore
344 4557 407 4605 tarn
431 4547 582 4608 novilunii
609 4546 700 4631 quim
727 4546 888 4630 plenilunii
914 4569 1025 4631 aquam
1051 4545 1185 4608 maxime
1211 4544 1278 4607 sore
1303 4545 1463 4617 elevatam,

179 4653 305 4739 quando
328 4654 421 4715 Luna
441 4677 497 4737 per
520 4657 724 4720 meridianum
748 4657 807 4720 loci
829 4657 946 4732 transit,
970 4658 1085 4741 quippe
1108 4679 1171 4741 quo
1192 4668 1354 4717 momento
1374 4655 1466 4718 etiam

180 4762 234 4827 Sol
256 4761 295 4825 ad
319 4758 452 4822 eundem
475 4763 678 4827 meridianum
696 4765 833 4848 appellit,
857 4764 882 4825 si
905 4765 1029 4848 quidem
1046 4766 1170 4850 syzygia
1188 4765 1255 4847 ipso
1271 4765 1408 4828 meridie
1423 4763 1469 4827 vel

179 4869 279 4932 medii
302 4879 394 4929 nocte
416 4863 600 4929 celebratur.
651 4869 865 4943 Quamobrem
891 4871 915 4931 si
943 4871 1134 4934 novilunium
1161 4871 1414 4955 pleniluniumve
1439 4873 1470 4935 in
