3300 5678
184 596 246 654 aaa
434 568 1003 665 1nours1rioeursrcn1n
1028 585 1224 652 causan

138 827 141 834 ,
182 773 282 835 esset3
315 761 401 844 cujus
416 743 611 822 ¹discriminis
635 760 715 823 ratio
741 758 886 842 exemplo
916 758 1056 841 corporis
1081 757 1210 843 penduli
1235 757 1403 823 commode
1432 758 1474 822 ob

182 868 288 930 oculos
303 867 378 951 poni
393 879 504 951 potest.
551 867 709 931 Ponamus
724 866 807 929 enirn
822 887 936 949 corpus
950 864 1122 948 pendulum
1139 865 1171 930 Ο
1187 866 1215 929 C
1230 868 1272 931 ob
1285 868 1471 954 gravitatem

182 980 276 1042 situm
291 991 398 1042 tenens
413 979 601 1057 verticalem,
618 978 681 1042 avi
697 977 844 1064 quipiam
861 976 894 1040 in
908 976 990 1040 latus

181 1086 353 1152 secundum
380 1086 581 1151 directionem
614 1086 705 1150 CM
735 1085 903 1149 sollicitari.
950 1085 984 1151 Si
1078 1089 1098 1139 0

181 1220 264 1262 nunc
286 1198 347 1262 hoc
369 1198 542 1283 pendulum
559 1194 669 1259 inertid
686 1208 815 1271 careret,
832 1216 886 1257 seu
901 1195 983 1278 ejus-

180 1307 267 1370 modi
282 1319 363 1371 esset
377 1306 502 1382 indolis,
527 1306 614 1388 cujus
629 1326 741 1390 aquam
756 1303 908 1367 hactenus
931 1324 982 1365 su-

180 1439 250 1481 mus
265 1415 475 1500 contemplati,
492 1427 559 1479 tum
574 1415 678 1478 subitb
693 1415 787 1478 situm
803 1413 886 1479 OM
901 1415 982 1477 acci·

179 1538 278 1609 peret,
304 1525 337 1587 in
358 1547 419 1610 quo
444 1524 512 1586 haec
533 1524 579 1587 vis
598 1546 670 1587 cum
691 1524 842 1610 gravitate
861 1523 980 1608 aequili-

180 1632 284 1697 brium
309 1645 437 1695 teneret.
498 1633 542 1695 At
567 1631 639 1695 crim
667 1631 840 1715 pendulum
869 1632 979 1696 inertid

180 1739 348 1824 praeditum
370 1737 593 1813 consideratur,
617 1751 688 1822 post
707 1737 834 1823 aliquod
855 1736 980 1800 demum

180 1860 302 1931 tempus
318 1847 456 1930 elapsum
471 1848 511 1910 ad
527 1849 621 1911 situm
637 1847 669 1912 Ο
686 1847 724 1911 Μ
743 1849 919 1932 perveniet:
943 1870 979 1911 ac

181 1954 294 2018 deinde
315 1955 389 2040 quia
410 1968 496 2018 motu
511 1955 681 2019 accelerato
696 1955 734 2017 eb
754 1956 912 2042 pertingit,
936 1956 979 2019 ibi

180 2083 245 2125 non
264 2063 410 2147 quiescet,
437 2063 492 2126 sed
514 2063 596 2126 ultrei
617 2077 771 2140 excurret,
795 2063 870 2148 putri
892 2067 925 2127 in
949 2065 979 2127 N

180 2194 288 2256 usque,
306 2172 349 2234 itu
363 2184 398 2233 ut
413 2172 547 2255 spatium
560 2171 587 2234 C
600 2170 632 2234 N
646 2169 710 2234 ferd
721 2171 761 2234 sit
772 2171 870 2255 duplo
879 2173 978 2256 majus

179 2281 280 2364 spatio
311 2280 338 2345 C
362 2281 410 2357 M,
441 2282 546 2365 prouti
576 2280 712 2344 calculus
742 2280 824 2343 clare
853 2280 978 2344 indicat

181 2388 315 2472 Propter
343 2389 486 2452 inertiam
518 2390 612 2476 igitur
641 2389 812 2474 pendulum
842 2388 979 2474 primiim

179 2496 296 2560 tardiris
319 2498 349 2559 ri
371 2497 548 2561 sollicitanti
570 2499 774 2584 obtemperat,
791 2510 885 2586 atque
900 2523 919 2563 a
933 2499 994 2562 situ
1009 2493 1176 2582 aequilibrii
1195 2491 1333 2570 recedit3
1356 2492 1463 2557 deinde

179 2603 253 2668 verb
279 2605 372 2668 etiam
396 2605 494 2692 magis
519 2605 645 2682 recedit,
672 2607 882 2690 majoremque
910 2604 1129 2668 excursionem
1154 2599 1293 2675 conficit,
1325 2600 1417 2686 qudm
1440 2602 1462 2663 si

178 2714 289 2779 inertid
312 2728 448 2790 careret3
470 2736 541 2800 quae
563 2727 636 2777 sunt
650 2735 696 2777 eae
711 2715 788 2798 ipsae
803 2713 875 2777 duae
890 2737 950 2791 res,
966 2712 1126 2797 inquibus
1142 2709 1263 2771 theoria
1280 2708 1353 2773 ante
1372 2732 1463 2794 expo-

179 2822 239 2885 sita
252 2822 292 2884 ab
307 2821 497 2904 experientid
513 2819 649 2884 maxime
664 2821 827 2885 dissentire
841 2821 1035 2906 deprehensa
1050 2834 1105 2885 est

221 2934 245 3008 §-
263 2935 314 2995 74.
340 2929 373 2991 si
389 2950 473 2990 nunc
489 2929 571 2992 istud
588 2928 717 3012 penduli
733 2930 909 3015 exemplum
926 2931 969 2993 ad
984 2944 1126 2993 nostrum
1141 2950 1248 2991 casum
1264 2926 1361 2991 aestirs
1375 2928 1461 2991 maris

1042 2243 1062 2292 ⁰
1235 2237 1282 2325 aa

180 3039 412 3118 transferamus,
436 3039 538 3125 primb
561 3042 671 3127 ingens
693 3041 861 3104 similitudo
882 3042 991 3105 insitu
1016 3040 1144 3124 penduli
1168 3039 1307 3101 verticali
1330 3061 1368 3102 ac
1388 3053 1461 3101 statu

181 3148 275 3210 maris
289 3147 433 3223 naturali,
450 3170 542 3233 quern
559 3148 679 3210 obtinet
693 3149 819 3210 remotis
834 3148 979 3231 potentiis
995 3147 1141 3221 externis,
1158 3146 1354 3208 observatur.
1387 3146 1460 3209 Nam

178 3254 440 3340 quemadmodum
465 3256 646 3338 pendulum,
672 3256 699 3318 si
724 3257 756 3318 in
781 3278 999 3341 quamcunque
1024 3255 1150 3341 plagam
1172 3254 1213 3318 de
1240 3255 1302 3317 situ
1328 3255 1459 3319 verticali

178 3364 358 3441 declinetur,
383 3364 510 3448 proprisi
534 3365 563 3426 vi
586 3365 744 3451 gravitatis
761 3389 793 3428 se
808 3366 841 3427 in
857 3366 990 3428 eundem
1005 3366 1124 3448 recipit,
1147 3366 1190 3428 ita
1211 3365 1306 3428 ctiam
1327 3388 1417 3450 aqua,
1438 3364 1458 3424 si

177 3492 217 3534 ex
233 3471 293 3534 situ
309 3493 365 3533 suo
380 3470 545 3554 aequilibrii
561 3470 745 3554 depellatur,
762 3472 792 3532 vi
807 3473 965 3558 gravitatis
983 3495 1015 3535 se
1031 3472 1071 3534 ad
1086 3472 1220 3534 eundem
1235 3472 1409 3554 componit,
1428 3491 1458 3531 ac

176 3594 330 3664 praeterea
343 3581 461 3665 pariter
479 3602 515 3642 ac
537 3579 708 3663 pendulum
725 3581 930 3644 oscillationes
952 3580 1085 3666 peragit,
1109 3579 1285 3665 cujusmodi
1300 3579 1457 3643 oscillatio-

176 3710 253 3754 num
269 3713 358 3753 casus
374 3690 406 3752 in
422 3712 503 3774 aqua
518 3690 672 3753 observati
694 3691 808 3774 passim
826 3693 1026 3755 inveniuntur
1040 3691 1183 3774 expositi.
1229 3691 1359 3754 Deinde
1374 3691 1456 3754 etiam

177 3797 269 3859 simili
292 3795 396 3872 modo,
422 3817 484 3880 quo
506 3795 687 3879 pendulum,
713 3818 797 3859 mare
813 3796 876 3882 qud
896 3797 994 3883 magis
1010 3819 1049 3858 ex
1065 3797 1126 3858 situ
1141 3819 1199 3859 suo
1215 3796 1353 3858 naturali
1374 3794 1456 3858 fuerit

176 3906 385 3982 deturbatum,
402 3904 440 3967 eb
454 3906 603 3988 majorem
625 3904 753 3968 habebit
769 3906 830 3967 vim
847 3928 913 3969 sese
930 3906 1069 3968 insitum
1084 3904 1250 3989 aequilibrii
1269 3902 1454 3967 restituendi.

146 4079 150 4085 .
177 4012 274 4088 Quod
290 4015 316 4076 si
337 4014 433 4101 igitur
448 4035 534 4076 mare
549 4036 567 4075 a
583 4012 698 4075 viribus
720 4014 866 4091 externis,
893 4013 974 4077 Solis
996 4014 1164 4077 scilicetne
1180 4012 1294 4091 Lunae,
1311 4038 1387 4078 mox
1401 4015 1455 4079 ele·

175 4132 264 4182 vetur
285 4141 359 4182 mox
380 4120 582 4204 deprimatur,
605 4141 730 4183 neccsse
753 4133 800 4183 est
824 4134 858 4183 ut
881 4121 953 4183 inde
975 4133 1077 4184 motus
1093 4121 1299 4184 oscillatorius
1315 4146 1372 4186 seu
1386 4122 1453 4186 reci·

174 4247 288 4311 procus
313 4227 430 4289 oriatur
454 4226 543 4289 aestui
569 4227 661 4288 maris
685 4227 813 4289 omnino
834 4227 950 4304 similis,
973 4228 1026 4312 qui
1050 4242 1152 4290 autem
1175 4250 1232 4311 per
1257 4229 1343 4317 leges
1363 4231 1454 4293 motr'u

175 4333 338 4398 difficulter
360 4334 484 4397 deliniri
506 4346 599 4419 queat
620 4333 762 4396 accurate
785 4334 931 4419 quidem3
957 4357 1029 4397 nam
1045 4356 1119 4397 vero
1138 4336 1294 4418 proxime,
1318 4336 1379 4400 hoc
1399 4357 1453 4399 non

174 4442 253 4505 adeo
275 4443 334 4504 erit
354 4442 487 4505 difficile.
534 4441 618 4504 Duae
640 4455 744 4504 autem
765 4454 838 4504 sunt
860 4464 919 4518 rea,
944 4465 1015 4527 quae
1033 4442 1206 4505 absolutam
1230 4466 1268 4505 ac
1292 4445 1455 4528 perfectum

174 4551 268 4615 totius
291 4551 393 4613 motuis
419 4551 708 4614 determinationem
739 4551 935 4641 summopere
965 4553 1101 4616 reddunt
1130 4552 1299 4630 difficilem,
1331 4575 1454 4640 quarum

173 4663 269 4726 altera
284 4661 442 4745 physicam
458 4676 584 4744 spectat,
609 4679 701 4749 atque
717 4664 748 4725 in
764 4665 829 4748 ipsi
844 4663 1012 4727 fluidorum
1027 4665 1137 4728 naturai
1154 4668 1304 4742 consistit,
1329 4688 1454 4753 quorum

173 4783 276 4834 motus
305 4768 470 4831 difficulter
498 4771 539 4833 ad
569 4772 722 4835 calculum
753 4787 924 4850 revocatur,
956 4775 1113 4858 praecipue
1143 4776 1168 4836 si
1199 4777 1333 4860 quaestio
1358 4778 1396 4839 sit
1419 4775 1454 4837 de

174 4875 364 4961 amplissimo
394 4896 521 4951 ocean0,
552 4879 605 4961 qui
632 4878 698 4940 aliis
728 4880 759 4940 in
791 4879 865 4942 locis
891 4880 1037 4956 elevetur,
1064 4881 1131 4944 aliis
1158 4881 1233 4945 verb
1259 4882 1447 4966 deprimatur
