3330 5692
349 533 411 590 sao
597 509 1164 602 INQUISIT10PHYSICA1N
1188 521 1384 590 crustu

348 698 454 764 tabula
475 719 569 784 quam
591 697 688 761 celeb.
714 696 836 761 Cossini
858 697 891 759 in
915 695 1014 760 Mem.
1032 703 1126 764 1713.
1148 716 1208 780 pro
1229 694 1358 758 diversis
1381 693 1488 758 Lunae
1502 714 1522 756 a
1536 691 1627 758 'rent

348 804 502 870 distantiis
517 826 558 867 ex
572 804 714 887 plurimis
730 803 997 869 observationibus
1015 802 1146 866 Brestiae
1165 802 1313 865 institutis
1328 800 1466 888 collegit,
1490 800 1565 864 satis
1584 825 1627 865 ce·

348 910 453 976 curati
469 932 540 973 cum
555 909 676 976 theorici
692 909 798 976 nostri
813 911 981 994 conspirat,
1005 910 1125 975 euanui
1145 910 1230 973 enim
1242 931 1302 993 pro
1318 910 1413 973 Luna
1426 909 1566 996 perigaea
1578 910 1628 972 rni-

348 1045 458 1087 norem
473 1021 676 1085 elevationem
690 1044 781 1107 aqure
795 1020 921 1097 tribuat,
937 1017 1031 1106 quim
1047 1020 1105 1084 ista
1118 1019 1197 1083 ratio
1212 1019 1393 1105 requireret,
1410 1030 1518 1082 tamen
1529 1018 1628 1083 diacri-

347 1152 420 1195 men
441 1127 532 1193 valde
547 1141 594 1193 est
607 1129 773 1216 exiguum:
801 1128 876 1215 quin
898 1129 992 1191 etiam
1010 1126 1100 1191 facile
1123 1127 1310 1191 concedetur
1326 1127 1455 1191 Lunam
1469 1127 1628 1215 perignem

345 1250 448 1300 totum
469 1259 561 1300 suum
582 1235 727 1299 effectum
747 1258 811 1299 non
833 1248 897 1299 tam
912 1233 974 1299 citd
989 1234 1137 1321 consequi
1151 1256 1251 1318 posse,
1274 1256 1365 1320 quern
1383 1248 1629 1321 consequeretur,

346 1346 372 1408 si
388 1345 481 1409 Luna
494 1343 648 1429 perpetud
663 1345 696 1408 iu
711 1345 849 1432 perigaeo
868 1357 1054 1409 versaretur.
1099 1344 1201 1408 Aliter
1215 1357 1319 1408 autem
1335 1345 1430 1408 Luna
1446 1367 1576 1432 apogrea
1588 1360 1630 1409 est

347 1467 536 1538 comparate,
553 1476 624 1539 quae
639 1453 679 1517 ad
695 1453 934 1518 diminuendum
948 1466 1061 1518 aestum
1076 1454 1170 1517 maris
1184 1453 1293 1531 tendit,
1309 1451 1381 1517 crim
1398 1454 1487 1518 enim
1501 1455 1629 1518 mareob

346 1567 491 1631 inertiam
513 1578 545 1629 et
566 1564 789 1650 impedimenta
807 1567 911 1651 ipsum
924 1564 965 1629 ad
980 1565 1220 1629 diminutionem
1234 1563 1327 1628 sestius
1343 1565 1385 1628 sit
1399 1564 1549 1650 proclive,
1570 1567 1629 1628 siue

348 1673 411 1738 ulli
434 1674 608 1738 resistentia
633 1675 724 1739 Luna
746 1675 778 1737 in
800 1696 931 1762 apogaeo
951 1675 1118 1738 constituta
1131 1673 1275 1738 effectum
1290 1696 1383 1738 suum
1398 1687 1517 1739 exeret.
1560 1674 1628 1739 Huc

348 1783 442 1846 etium
455 1781 600 1866 pertinet,
617 1781 702 1867 quod
716 1782 833 1866 pariter
847 1782 943 1846 celeb.
961 1781 1083 1846 Cossini
1097 1805 1130 1846 se
1145 1783 1324 1848 observasse
1338 1797 1484 1863 testatur,
1507 1785 1628 1848 similem

348 1888 555 1953 differentiam
571 1890 629 1953 etsi
645 1887 746 1953 multo
761 1890 913 1954 minorem
928 1914 947 1954 a
961 1890 1053 1954 variis
1070 1889 1151 1954 Solis
1166 1913 1186 1952 a
1200 1890 1300 1954 Termi
1316 1891 1475 1955 distantiis
1496 1890 1626 1976 produci,

349 1997 383 2060 id
398 1996 483 2083 quod
499 2011 616 2061 nostrae
630 1995 761 2060 tbeoriae
776 2018 840 2059 non
856 1996 957 2060 solum
973 2012 1020 2062 est
1034 2010 1286 2075 consentaneum,
1302 1997 1358 2062 sed
1373 1997 1450 2063 inde
1465 1999 1558 2063 etiarn
1570 2000 1627 2084 ipa

351 2106 508 2192 quantitas
522 2105 616 2190 hujus
630 2104 814 2169 differentiae
829 2119 931 2191 potest
946 2106 1079 2171 definiri.

393 2220 417 2296 §.
445 2221 519 2279 110.
551 2213 699 2299 Denique
721 2213 878 2278 decimum
903 2214 1134 2299 phaenomenon
1158 2239 1225 2281 sese
1247 2216 1338 2281 nobis
1361 2216 1624 2303 contemplandum

350 2323 450 2402 offert,
474 2345 537 2409 quo
559 2322 654 2410 vulgo
676 2324 769 2387 statui
790 2324 870 2389 solet
891 2339 985 2389 aestus
1006 2338 1069 2389 tarn
1085 2325 1314 2389 noviluniorum
1330 2324 1428 2412 quim
1453 2327 1624 2412 plenilunio·

351 2453 431 2510 rum,
455 2430 509 2517 qui
531 2429 716 2517 contingunt
737 2430 820 2494 circa
840 2432 1037 2517 aequinoctia,
1061 2432 1181 2495 caeteris
1196 2453 1262 2496 esse
1277 2433 1424 2518 majores,
1445 2435 1565 2498 etiami
1578 2434 1623 2498 ob

352 2541 543 2606 servationes
558 2539 640 2603 banc
654 2539 795 2626 regulam
809 2562 873 2603 non
895 2539 1018 2625 penitus
1032 2540 1237 2616 confirment3
1259 2541 1468 2627 quamobrem
1482 2542 1622 2607 viduum

352 2647 510 2736 quomodo
525 2660 619 2710 aestus
630 2646 751 2710 caeteris
764 2646 892 2731 paribus
903 2661 1099 2732 comparatus
1110 2670 1177 2711 esse
1188 2648 1301 2711 debeat
1315 2670 1376 2732 pro
1390 2648 1525 2716 diversis
1539 2650 1620 2715 lm

353 2757 622 2823 declinationibus.
667 2759 716 2821 Ac
731 2755 835 2842 primd
849 2757 975 2842 quidem
989 2780 1030 2822 ex
1043 2757 1149 2821 nostri
1166 2756 1286 2822 theorici
1309 2762 1347 2841 (ᾗ.
1363 2760 1431 2839 87.)
1455 2773 1550 2826 aestus
1561 2758 1619 2822 dun

353 2871 446 2934 Luna
468 2869 501 2931 in
522 2880 681 2953 aequatore
703 2882 853 2947 versatur,
877 2870 1029 2934 maximos
1051 2892 1118 2934 esse
1141 2891 1204 2933 non
1225 2891 1327 2953 posse,
1351 2872 1413 2934 nisi
1435 2873 1469 2936 in
1489 2872 1563 2938 locis
1575 2869 1617 2936 sul

352 2980 422 3062 ipso
436 2987 594 3062 aequatore
610 2975 695 3040 sitis:
719 2988 813 3062 atque
828 2976 940 3041 eodem
961 2977 1032 3042 loco
1047 2975 1193 3041 tabellam
1208 2975 1388 3061 adjecimus,
1411 3001 1456 3043 ex
1470 2980 1531 3067 qud
1543 2990 1615 3065 patet,

353 3089 475 3152 cuinam
493 3091 593 3154 Lunae
607 3090 805 3154 declinationi
822 3092 949 3154 maximi
963 3104 1056 3155 astus
1071 3089 1287 3174 respondeant.
1335 3090 1385 3154 lta
1399 3114 1461 3176 pro
1472 3091 1614 3156 elevatione

353 3199 417 3282 poli
450 3199 513 3265 50⁰.
539 3214 633 3264 aestus
660 3202 787 3263 maximi
813 3202 954 3265 incidunt
978 3202 1079 3265 Lunae
1103 3199 1300 3263 declinationi
1330 3208 1396 3267 27⁰.
1423 3201 1450 3264 si
1474 3200 1585 3287 quidem
1598 3218 1613 3282 g

353 3320 490 3388 ponruur
511 3338 545 3361 =
565 3308 619 3389 ἔῃ
643 3322 674 3370 at
690 3309 792 3392 posito
808 3333 830 3396 g
849 3342 883 3364 =
896 3311 946 3390 rb,
965 3309 1050 3394 quod
1064 3307 1255 3392 probabilius
1269 3307 1402 3385 videtur,
1418 3309 1524 3393 prodit
1536 3308 1611 3372 Luna

354 3413 520 3476 declinatio
535 3415 705 3477 maximum
721 3429 830 3478 aestum
845 3417 1021 3500 producens
1038 3416 1160 3479 circiter
1178 3422 1239 3478 16⁰.
1262 3413 1295 3476 id
1319 3416 1405 3500 quod
1421 3415 1544 3478 mirifice*
1557 3433 1609 3475 con·

355 3525 438 3587 venit
467 3547 538 3587 cum
568 3526 836 3589 observationibus
867 3526 906 3589 ad
934 3526 1037 3590 littora
1063 3525 1177 3590 Galliae
1204 3525 1458 3607 septentrionalia
1480 3521 1608 3590 institutis,

354 3630 466 3714 quibus
489 3645 609 3694 constat
630 3634 782 3696 maximos
804 3634 997 3721 syzygiarum
1019 3646 1112 3696 aestus
1134 3632 1291 3695 mensibus
1316 3631 1523 3696 Novernbriet
1546 3626 1607 3690 Feb
1661 3618 1663 3631 '

356 3744 460 3805 ruario
482 3743 624 3807 accidere
646 3744 755 3821 solere,
780 3745 892 3830 quibus
912 3745 1103 3830 temporibus
1126 3745 1218 3809 Luna
1234 3742 1296 3807 ferd
1312 3747 1497 3833 assignatam
1517 3742 1589 3808 obtin

354 3848 601 3914 declinationem.
648 3851 692 3913 At
714 3851 799 3937 quod
822 3850 900 3916 lorti
923 3852 968 3914 illi
991 3851 1117 3939 regulae,
1142 3851 1201 3936 quai
1227 3851 1329 3915 Lunae
1351 3853 1384 3915 in
1399 3865 1606 3940 oequatorerer·

355 3960 434 4021 santi
457 3959 585 4021 maximi
607 3972 702 4022 aestus
724 3958 858 4022 adscribi
880 3960 967 4036 solet,
992 3982 1098 4023 ansam
1120 3960 1290 4043 praebuisse
1311 3959 1445 4040 videtur,
1469 3954 1603 4025 etmodu

355 4083 487 4132 aestuum
510 4071 696 4155 quantitates
719 4069 888 4133 definiendi
909 4069 1073 4154 peculiaris
1096 4092 1132 4132 ac
1158 4071 1230 4132 satis
1256 4091 1440 4152 perversus;
1459 4070 1528 4135 crim
1550 4084 1604 4130 cnut

355 4175 518 4238 crederent
534 4177 674 4262 plerique
690 4177 902 4241 observatores
916 4179 1016 4242 causis
1032 4178 1139 4241 alienis
1154 4177 1350 4240 tribuendam
1367 4201 1435 4242 esse
1451 4173 1605 4265 inequalit-

355 4296 427 4360 tem‚
451 4310 522 4372 quae
545 4289 624 4351 inter
645 4288 736 4351 binos
758 4302 852 4351 aestus
867 4289 1057 4352 successivos
1072 4286 1253 4363 intercedat,
1270 4308 1376 4350 veram
1391 4311 1483 4373 aquae
1497 4279 1606 4352 clevatio·

356 4414 426 4454 nem
450 4394 624 4459 accuratiris
646 4396 776 4460 definire
798 4410 871 4460 sunt
892 4397 1045 4474 arbitrari,
1070 4398 1096 4461 si
1118 4411 1275 4460 sumerent
1297 4397 1437 4461 medium
1461 4394 1607 4463 interbinoe

356 4498 458 4562 fluxus
481 4504 679 4567 successivos.
727 4503 823 4580 Quod
845 4506 871 4567 si
893 4519 995 4569 autem
1011 4504 1071 4569 hoc
1086 4506 1181 4568 modo
1196 4507 1310 4590 quique
1326 4521 1421 4570 aestus
1441 4509 1609 4572 aestimenun

358 4622 423 4670 turn
441 4611 547 4693 utique
563 4614 689 4675 maximi
712 4627 805 4677 aestus
828 4615 860 4677 in
876 4615 1062 4700 aequinoctia
1076 4614 1213 4678 incidere
1228 4617 1489 4697 observabuntur,
1512 4618 1541 4681 id
1554 4599 1613 4700 q1¹⁰d

359 4716 451 4778 etiarn
476 4731 591 4778 nostru·
619 4720 747 4784 theorito
773 4725 908 4786 maximi»
933 4739 980 4786 est
1004 4724 1173 4800 conforme,
1202 4728 1339 4810 exceptis
1364 4745 1487 4793 tantum
1513 4728 1620 4814 regi0m‘

360 4828 417 4890 bus
440 4827 520 4910 polis
547 4827 753 4894 vicinioribus.
800 4833 880 4896 Crini
910 4835 991 4897 enirn
1017 4836 1126 4919 positis
1154 4837 1224 4900 sinu
1249 4837 1430 4904 elevationis
1457 4840 1524 4926 poli
1545 4872 1574 4898 =
1594 4816 1629 4890 P,
