3330 5692
494 585 683 654 FLUXUS
706 589 767 654 AC
793 587 1044 655 REFLUXUS
1066 589 1225 656 MARIS.
1431 601 1492 659 255

219 761 313 826 etiam
337 782 409 848 quae
431 762 498 828 sola
522 763 562 826 sit
585 763 705 828 veritati
722 761 943 840 'consentanea
968 759 1142 847 cujusmodi
1166 771 1214 824 est
1235 759 1399 845 gravitatio
1428 761 1493 827 tam

146 857 148 873 ¹
219 867 325 934 versds
341 870 445 935 Solem
459 869 552 956 qurlm
566 871 699 935 Lunam.

259 983 282 1060 §.
300 987 349 1043 14.
373 979 508 1044 Causam
521 979 617 1066 igitur
630 978 733 1043 lluxirs
747 1001 783 1043 ac
798 976 933 1042 reiluxiu
943 977 1041 1040 maris
1061 976 1237 1060 proximam
1251 976 1284 1039 in
1298 976 1379 1042 binis
1393 981 1474 1044 vorti

214 1087 301 1151 cibus
322 1089 460 1152 materioe
481 1088 641 1173 cujusdam
662 1087 781 1153 subtilis
802 1087 998 1162 collocamus,
1021 1108 1154 1171 quorum
1173 1086 1250 1150 alter
1268 1087 1351 1151 circa
1371 1088 1484 1166 Solem,

174 1219 178 1225 ·
212 1193 291 1279 alter
304 1193 380 1259 verd
394 1195 477 1259 circa
500 1196 624 1260 Lunam
644 1197 688 1260 ita
702 1198 936 1286 circumagatur,
960 1208 996 1259 ut
1018 1195 1051 1258 in
1066 1208 1196 1281 utroque
1210 1196 1290 1260 vires
1305 1197 1486 1285 centrisugae

209 1299 391 1365 decrescant
412 1303 445 1365 in
466 1301 622 1387 duplicata
644 1304 763 1368 ratione
784 1303 997 1368 distantiarum
1020 1325 1038 1364 a
1058 1314 1165 1365 centro
1179 1302 1320 1377 vorticis;
1343 1326 1413 1389 quae
1433 1303 1486 1376 lex

207 1407 255 1472 vis
270 1408 451 1498 oenuifirgae
465 1410 663 1488 obtinebitur,
680 1411 707 1474 si
728 1411 865 1475 materiae
879 1409 1162 1473 subtilis'vorticem
1176 1409 1389 1473 constituentis
1404 1410 1483 1475 cele-

184 1577 190 1590 ,
206 1515 282 1578 ritas
303 1529 456 1582 statuatur
475 1530 581 1609 tenere
602 1519 753 1582 rationem
767 1519 957 1602 reciprocam
972 1515 1219 1600 subduplicatam
1233 1515 1449 1582 distantiarum
1463 1543 1482 1584 a

205 1638 315 1688 centro
330 1627 463 1690 vorticis.
509 1627 715 1715 Quaecunque
735 1629 832 1716 igitur
852 1651 984 1713 corpora
1004 1629 1037 1691 in
1058 1628 1231 1693 istiusmodi
1251 1629 1366 1694 vortice
1380 1630 1482 1714 posita

205 1733 246 1798 ad
267 1734 334 1818 ejus
356 1748 497 1798 centrum
518 1736 671 1821 pellentur
692 1737 722 1799 vi
742 1737 964 1813 acceleratrice,
985 1758 1055 1821 quae
1069 1736 1185 1820 pariter
1199 1757 1235 1798 ac
1250 1735 1295 1798 vis
1309 1736 1481 1824 centrifuga

204 1844 363 1929 quadratis
384 1845 597 1912 distantiarum
613 1846 770 1931 reciproce
790 1860 836 1910 est
857 1845 1105 1931 proportionalis.
1151 1844 1207 1906 Vis
1222 1843 1363 1908 absoluta
1376 1859 1479 1910 autem

202 1951 263 2040 qui
286 1975 399 2038 corpus
421 1954 589 2041 quodpiam
610 1956 642 2019 in
663 1954 734 2019 dati
759 1954 903 2018 distanmt
926 1977 945 2016 a
964 1966 1071 2017 centro
1093 1952 1216 2016 vorticis
1237 1952 1420 2016 collocatum
1440 1953 1478 2018 ed

199 2071 342 2146 urgetur,
357 2061 473 2144 pendet
487 2085 507 2124 a
520 2061 675 2127 celeritate
689 2063 827 2126 materiae
841 2061 961 2126 subtilis
975 2059 1125 2124 absoluti.
1160 2061 1209 2123 Ac
1223 2059 1326 2144 primo
1340 2062 1475 2146 quidem,

200 2170 286 2254 quod
308 2170 349 2233 ad
371 2172 518 2236 vorticem
541 2173 622 2237 circa
643 2173 748 2237 Solem
762 2184 895 2237 rotatum
911 2171 1028 2249 attinet,
1051 2171 1116 2255 ejus
1130 2169 1176 2232 vis
1191 2168 1331 2233 absoluta
1345 2193 1385 2234 ex
1399 2185 1476 2234 tem·

197 2299 277 2362 pore
303 2278 414 2343 Terrae
438 2281 596 2366 periodico
621 2305 692 2346 eum
717 2283 860 2347 distantia
887 2281 1024 2367 ejusdem
1049 2305 1069 2344 a
1094 2281 1167 2346 Sole
1188 2293 1368 2365 comparato
1390 2295 1477 2346 tanta

198 2389 367 2477 colligitur,
390 2402 425 2453 ut
446 2413 568 2475 corpus,
593 2393 678 2477 cujus
700 2390 844 2455 distantia
858 2414 877 2453 a
891 2402 998 2454 centro
1019 2389 1100 2453 Solis
1115 2388 1242 2474 aequalis
1257 2400 1304 2452 est
1317 2389 1474 2453 semi-dia·

195 2512 298 2562 rnetro
321 2498 442 2577 Terra,
468 2499 506 2564 eb
531 2500 712 2564 sollicitetur
735 2501 775 2578 vi,
803 2522 874 2586 quae
898 2499 938 2562 sit
962 2505 1089 2565 227512
1111 2496 1228 2560 vicibus
1249 2498 1356 2582 major,
1380 2497 1473 2582 quim

198 2617 244 2668 est
264 2607 403 2692 gravitas
424 2608 573 2671 naturalis
587 2609 619 2671 in
634 2608 797 2692 superficie
812 2589 932 2671 Terrae.
978 2605 1148 2670 Metiemur
1162 2617 1265 2670 autern
1279 2605 1360 2669 hanc
1374 2607 1472 2690 ipsam

196 2736 258 2777 vrm
281 2716 454 2780 absolutam
477 2719 624 2804 cujusque
645 2717 778 2794 vorticis,
801 2739 858 2801 per
879 2715 951 2792 vim,
974 2736 1068 2800 quam
1089 2713 1171 2778 idem
1191 2725 1301 2777 vortex
1320 2713 1419 2776 exerit
1439 2715 1473 2777 in

195 2823 340 2889 distamiri
353 2849 372 2888 a
383 2849 439 2890 suo
454 2841 560 2891 centro
575 2828 817 2892 semi-diametro
829 2827 939 2891 Terroe
949 2826 1078 2912 aequali:
1095 2848 1134 2889 ex
1145 2847 1208 2911 quo
1217 2808 1244 2889 si
1255 2826 1301 2888 vis
1312 2827 1471 2912 gravitatis

194 2937 349 2998 terrestris
370 2936 548 3023 designetur
569 2959 626 3021 per
650 2945 677 3014 1,
701 2937 761 3000 erit
774 2936 819 2998 vis
834 2934 975 2998 absoluta
993 2933 1073 2997 Solis
1100 2958 1131 2992 =
1152 2941 1288 3011 227512,
1311 2936 1397 3020 cujus
1412 2957 1470 2999 nu·

194 3046 273 3108 meri
294 3044 368 3109 loco
388 3046 545 3110 brevitatis
567 3047 665 3134 gratia
687 3061 809 3111 utemur
830 3045 931 3109 litteral
957 3046 989 3110 S.
1034 3044 1134 3109 Simili
1154 3045 1249 3108 modo
1267 3045 1330 3108 vim
1344 3048 1469 3111 vorticis

195 3150 319 3214 Lunam
342 3153 493 3240 cingentis
515 3154 685 3217 absolutam
708 3153 911 3216 indicabimus
932 3151 1032 3215 litterai
1056 3151 1095 3228 L,
1117 3153 1203 3237 cujus
1217 3152 1353 3216 valorem
1376 3153 1469 3218 New-

193 3281 284 3328 tonus
307 3262 391 3328 recte
414 3264 486 3329 crim
506 3288 547 3329 ex
569 3267 637 3350 ipso
658 3268 746 3329 fluxu
767 3287 803 3329 ac
825 3264 947 3327 refluxu
967 3262 1070 3337 maris,
1089 3257 1157 3322 trim
1171 3257 1265 3321 etiam
1282 3281 1322 3321 ex
1335 3281 1469 3343 praeces·

192 3371 277 3434 sione
303 3371 558 3455 aequinoctiorum
582 3373 775 3435 constituisse
798 3369 919 3432 videtur
938 3366 1058 3431 circiter
1085 3365 1134 3444 gl,
1180 3361 1287 3438 Quare
1307 3364 1343 3441 si,
1365 3365 1466 3448 positi

193 3477 301 3543 Terrae
322 3481 567 3544 semi-diametro
594 3506 625 3539 =
649 3490 676 3558 1,
701 3480 838 3564 corporis
860 3476 1020 3561 cujusdam
1041 3497 1060 3537 a
1081 3482 1189 3537 centro
1206 3470 1286 3536 Solis
1301 3471 1350 3535 vel
1365 3472 1466 3536 Lunoe

190 3585 335 3651 distantia
349 3588 443 3653 fuerit
457 3612 489 3666 x,
512 3590 572 3653 erit
586 3590 640 3666 vis,
665 3588 725 3675 quai
741 3589 772 3651 id
788 3609 901 3671 eorpus
915 3584 964 3648 vel
979 3582 1019 3647 ad
1035 3581 1139 3646 Solem
1155 3579 1335 3644 sollicitatur
1355 3581 1404 3645 vel
1425 3582 1467 3645 ad

194 3731 321 3814 Lunam,
338 3737 387 3801 vel
407 3762 439 3795 =
458 3699 576 3864 ἕνεί
595 3762 626 3795 =
648 3700 710 3864 ἐ,
735 3738 779 3800 uti
798 3759 839 3799 ex
860 3733 965 3798 indole
983 3729 1097 3796 horum
1112 3727 1263 3792 vorticum
1276 3749 1376 3811 prona
1390 3750 1465 3792 con-

195 3911 345 3991 sequentia
369 3911 446 3974 fluit.
492 3912 530 3975 In
559 3911 608 3974 his
634 3909 758 3996 quidem
784 3909 955 3972 litterarum
986 3905 1009 3969 S
1037 3916 1069 3966 et
1097 3900 1127 3965 L
1156 3899 1463 3966 determinationibus

194 4020 387 4082 aaumsimus
409 4018 543 4082 mediam
563 4019 647 4084 Solis
670 4042 689 4081 a
710 4018 810 4081 Terra
831 4014 1007 4081 distantiam
1029 4017 1135 4075 20620
1149 4007 1463 4074 semi-diametrorum

195 4116 304 4202 Terrae,
328 4148 400 4212 quoe
422 4149 461 4190 ex
482 4126 633 4210 parallaxi
654 4126 836 4190 horizontali
862 4127 921 4189 ltt'
940 4122 1087 4207 sequitur,
1111 4119 1211 4182 Lunae
1226 4116 1300 4180 verb
1322 4142 1340 4181 a
1360 4119 1462 4184 Terra

193 4221 360 4294 dbuntiam
375 4232 509 4296 mediam
531 4229 573 4298 60
594 4233 905 4297 semi-diametrorum
920 4231 1049 4304 Terrae3
1071 4226 1192 4290 interim
1208 4237 1311 4288 tamen
1326 4227 1405 4291 vires
1420 4229 1459 4292 ad

194 4340 472 4405 memorandum
493 4341 567 4404 binc
581 4354 658 4405 ortae
673 4341 712 4404 ab
726 4340 775 4405 bis
790 4338 1014 4427 hypothesibus
1028 4356 1092 4399 non
1106 4333 1252 4418 pendent,
1268 4334 1314 4397 uti
1328 4357 1459 4421 sequen-

193 4436 266 4509 ffllus
278 4449 405 4532 patebit.

234 4557 316 4632 tls.
344 4559 503 4636 Quoniam
528 4562 623 4649 igitur
647 4577 759 4628 oestum
781 4563 874 4625 maris
898 4583 954 4646 per
978 4559 1067 4623 binas
1089 4558 1180 4634 vires,
1205 4578 1337 4642 quarum
1362 4557 1458 4622 altera

189 4650 285 4733 Solem
308 4671 443 4755 respicit,
467 4671 564 4735 altera
586 4671 719 4750 Lunam,
742 4694 849 4737 sumus
870 4669 1051 4754 exposituri,
1075 4665 1162 4729 facile
1176 4665 1275 4730 videri
1296 4687 1456 4750 possemus

183 4773 308 4842 emttlarn
330 4778 460 4843 omnind
481 4781 718 4866 erplicationem
739 4783 904 4867 suscipere,
927 4802 1020 4865 quam
1043 4778 1211 4843 Newtonus
1230 4776 1318 4842 dedit
1338 4778 1371 4840 in
1392 4780 1455 4842 suis

179 4857 346 4970 plltteipiis
371 4886 601 4954 Mathematicia
625 4888 835 4974 Philosophia·
859 4885 1025 4952 Naturalis.
1070 4881 1210 4949 Primvlm
1224 4897 1328 4948 autem
1344 4897 1454 4948 notan·
