3330 5692
328 501 400 581 '322
588 511 855 590 INQUISITIO
879 510 1084 578 PHYSICA
1107 510 1159 576 IN
1183 509 1379 578 CAUSAM

333 688 408 752 verb
424 689 526 774 ipsum
541 687 710 752 discrimen
726 708 799 751 curn
814 686 935 750 theoria
951 684 1059 750 exacte
1074 685 1219 749 convenit
1227 708 1236 761 ;
1251 685 1284 748 iu
1299 685 1443 768 pluribus
1459 684 1546 749 enim
1560 707 1625 772 por·

333 800 428 863 tubus
451 810 545 861 aestus
569 797 725 860 maximos
750 810 782 860 et
804 797 951 860 minimos
977 797 1018 860 ad
1042 796 1195 860 calculum
1219 798 1445 874 revocavimus,
1472 810 1568 884 atque
1590 820 1624 862 ex

333 907 482 970 relatione
506 926 616 969 eorum
640 903 823 968 relationem
847 905 929 968 inter
952 904 1033 968 vires
1059 904 1160 966 Lunae
1185 925 1222 968 ac
1248 904 1330 970 Solis
1356 904 1624 993 investigavimus;

332 1013 467 1097 hincque
488 1010 643 1095 perpetuo
665 1009 798 1074 eandem
812 1009 877 1073 sere
893 1011 1048 1075 rationem
1071 1011 1152 1074 inter
1167 1011 1248 1074 vires
1266 1010 1349 1076 Solis
1367 1033 1406 1074 ac
1421 1010 1525 1075 Lunae
1539 1011 1626 1075 abso·

332 1122 412 1187 lutas
438 1121 610 1198 elicuimus,
638 1119 904 1205 quemadmodum
930 1119 963 1183 id
989 1119 1062 1183 fecit
1089 1119 1260 1183 Newtonus
1285 1141 1327 1184 ex
1357 1120 1626 1185 observationibus

334 1233 474 1297 Bristolii
498 1247 530 1297 et
554 1232 746 1318 Plymouthi,
770 1254 827 1295 nos
845 1231 920 1296 verb
935 1233 967 1294 in
986 1232 1084 1296 Portu
1100 1232 1221 1297 Gratiae
1236 1232 1398 1311 institutis,
1421 1234 1627 1298 conclusionn-

333 1342 391 1406 bus
411 1340 542 1404 mirifice
565 1342 646 1404 inter
668 1363 702 1405 se
724 1338 987 1428 congruentibus:
1012 1341 1112 1428 qualis
1128 1348 1297 1406 consensus
1311 1342 1456 1428 profectd
1471 1346 1626 1430 expectari

332 1472 396 1512 non
419 1460 535 1533 posset,
559 1448 584 1510 si
607 1447 730 1511 theoria
745 1448 867 1513 veritati
886 1459 950 1511 non
965 1461 1044 1512 esset
1059 1461 1276 1513 consentanea.
1322 1449 1439 1537 Neque
1453 1451 1549 1516 etiam
1563 1452 1626 1517 ntis

333 1555 463 1621 theoriae
479 1552 582 1618 adhuc
596 1554 771 1638 productae,
788 1555 962 1641 cujusmodi
978 1568 1051 1620 sunt
1067 1556 1203 1635 Galilaei,
1222 1555 1362 1621 Wallisii
1378 1571 1476 1644 atque
1489 1560 1624 1636 Cartesii,

332 1665 386 1751 qui
400 1684 526 1727 causam
543 1663 575 1725 in
590 1662 752 1745 pressione
768 1663 870 1727 Lunae
885 1661 1058 1740 collocavit,
1074 1663 1148 1728 huic
1163 1663 1374 1749 phoenomeno
1389 1664 1532 1750 perfecte
1544 1669 1624 1732 satis·

333 1774 461 1849 faciunt,
479 1771 534 1835 sed
550 1768 654 1855 potiris
668 1769 798 1855 prorsds
813 1783 1004 1836 evertuntur.
1335 1751 1339 1760 ¹

375 1894 399 1971 t.
418 1897 490 1952 104.
525 1886 680 1962 Quintum
704 1885 934 1969 phaenomenon
960 1886 993 1950 in
1018 1884 1080 1948 hoc
1102 1883 1262 1961 consistat,
1288 1883 1375 1970 qudd
1400 1885 1498 1950 nnius
1519 1884 1623 1951 mersis

332 1996 497 2061 intervallo
519 1995 648 2058 maximi
669 2006 842 2057 aestusnon
857 1994 965 2070 sintii,
990 1993 1044 2079 qui
1058 1992 1219 2056 novilunia
1234 2000 1271 2056 at
1291 1991 1472 2077 plenilunia
1490 1991 1622 2079 proximi

336 2107 554 2192 insequuntur,
578 2104 634 2169 sed
657 2115 820 2191 sequentes
835 2105 918 2168 tertii
934 2104 1050 2169 scilicet
1065 2104 1188 2167 circiter
1203 2103 1253 2167 vel
1275 2103 1389 2189 quarti,
1413 2105 1571 2192 similique
1582 2106 1623 2168 in·

333 2216 463 2282 tervallo
477 2230 572 2282 aestus
589 2217 711 2280 minimi
725 2217 853 2282 demum
867 2228 940 2301 post
950 2215 1156 2302 quadraturas
1168 2214 1365 2303 contingunt.
1406 2214 1521 2302 Hujus
1530 2228 1620 2281 sutem

334 2329 539 2415 phaenomeni
554 2329 635 2393 ratio
650 2329 682 2391 in
697 2335 721 2412 l.
738 2336 790 2397 97.
806 2327 904 2392 iirsids
919 2344 967 2394 est
981 2329 1133 2413 exposita,
1150 2328 1204 2392 ubi
1220 2328 1426 2407 ostendimus,
1445 2328 1521 2395 edm
1540 2342 1621 2394 mus

333 2453 407 2504 ante
428 2439 570 2527 syzygias
592 2438 765 2504 incidentes
787 2452 890 2505 essent
912 2440 1057 2516 minores,
1081 2439 1252 2503 maximam
1273 2439 1336 2501 vim
1359 2461 1378 2500 a
1401 2438 1481 2504 Sole
1495 2452 1527 2504 et
1541 2436 1620 2504 Laut

335 2561 436 2613 ortam
459 2570 523 2611 non
546 2546 651 2611 subitb
673 2561 785 2612 aestum
808 2548 979 2611 maximum
1000 2547 1178 2632 producere
1198 2547 1311 2624 valere,
1335 2546 1393 2612 sed
1407 2546 1619 2614 tantrlmmsm

334 2659 375 2724 ad
398 2681 470 2723 eum
493 2671 608 2723 statum
628 2658 796 2723 solicitare.
843 2656 926 2722 Cdm
946 2657 1042 2745 igitur
1063 2670 1136 2742 post
1150 2658 1291 2744 syzygias
1306 2657 1353 2721 vis
1368 2668 1487 2722 testum
1501 2657 1617 2723 efficias

335 2768 523 2832 sensibiliter
544 2790 609 2832 non
632 2767 803 2844 decrescat,
826 2780 921 2830 aestus
937 2765 1107 2830 etiamnum
1129 2763 1277 2849 posthoc
1291 2776 1419 2848 tempus
1444 2766 1617 2830 ineram

337 2876 450 2959 capiet,
468 2887 561 2961 atque
576 2875 648 2939 ideo
663 2876 791 2939 demum
805 2887 877 2959 post
893 2874 1033 2961 syzygias
1048 2872 1104 2937 fiet
1117 2873 1291 2948 maximum
1307 2873 1486 2961 similisque
1499 2872 1615 2940 astrati)

339 2981 556 3046 diminutionis
578 2994 720 3059 aestuum,
744 3004 816 3067 quar
831 2982 1000 3045 etiamnum
1020 2994 1093 3064 post
1107 2980 1312 3067 quadraturas
1328 2982 1518 3071 contingere
1529 2982 1612 3055 debet.

336 3092 379 3153 ita
393 3105 429 3154 ut
443 3106 536 3155 aestus
551 3092 671 3154 minimi
687 3091 814 3155 demum
829 3104 902 3175 post
912 3090 1118 3176 quadraturas
1130 3091 1281 3152 eveniant.
1322 3089 1610 3176 Hujusmodisaen

336 3197 562 3262 retardationes
586 3196 752 3260 effectuum
776 3220 794 3259 a
817 3197 933 3260 viribus
956 3196 987 3259 in
1010 3195 1129 3258 mundo
1151 3195 1355 3259 existentibus
1383 3198 1608 3280 provenientium

336 3309 476 3395 quotidie
500 3308 625 3372 abunde
648 3308 845 3391 experimur:
869 3307 910 3370 ob
933 3306 1065 3371 similem
1088 3307 1171 3369 enim
1193 3307 1345 3369 rationem
1370 3308 1502 3395 singulis
1521 3307 1606 3370 diebus

337 3425 507 3486 rriaximum
523 3421 659 3485 calorem
675 3444 738 3484 non
755 3422 786 3483 in
803 3421 872 3504 ipso
887 3419 1016 3483 meridie
1032 3419 1192 3495 sentimus,
1209 3419 1329 3481 etiamsi
1352 3417 1417 3482 hoc
1432 3433 1561 3502 tempore
1575 3417 1604 3475 u's

339 3538 420 3601 Solis
443 3535 626 3600 calefaciens
650 3535 715 3598 sine
739 3533 836 3596 dubio
859 3534 898 3595 sit
919 3533 1064 3607 maxima,
1089 3530 1143 3594 sed
1164 3531 1289 3594 demum
1311 3529 1435 3615 aliquot
1453 3529 1529 3593 bons
1547 3537 1603 3609 post
1655 3598 1657 3613 Ι

338 3644 511 3719 meridiem,
535 3655 628 3728 atque
651 3654 780 3726 propter
795 3640 928 3704 eandem
944 3662 1069 3703 causam
1086 3661 1188 3723 neque
1205 3637 1327 3700 solstitii
1351 3638 1451 3702 aestivi
1469 3646 1601 3699 momento

338 3756 493 3819 maximus
515 3754 600 3818 calor
623 3776 746 3817 annuus
769 3752 909 3829 sentitur,
935 3774 1037 3837 neque
1061 3767 1202 3834 tempore
1226 3750 1349 3814 solstitii
1375 3748 1505 3837 hyberni
1523 3745 1598 3832 ffigffi

338 3887 504 3940 summum,
522 3863 576 3927 sed
592 3877 759 3949 utrumque
774 3861 953 3924 notabiliter
967 3860 1095 3924 tardids.

380 3977 404 4052 i.
423 3981 494 4035 105.
520 3974 651 4035 Sextum
666 3971 895 4054 pbaenomenon
913 3969 945 4031 in
960 3969 1021 4032 hoc
1036 3970 1191 4052 ponimus,
1216 3970 1301 4054 qubd
1317 3984 1477 4036 momenta
1489 3969 1595 4033 fluxuum

339 4090 478 4160 tempore
503 4079 700 4166 syzygiarum
723 4077 823 4141 multo
847 4075 982 4140 strictids
1006 4076 1148 4140 ordinem
1171 4092 1277 4142 tenere
1299 4079 1513 4156 observantur,
1533 4069 1594 4161 (μὶω

340 4185 421 4248 circa
444 4188 659 4271 quadraturas.
706 4186 772 4250 Hic
797 4185 870 4250 verb
892 4201 965 4250 ante
988 4189 1094 4250 omnia
1116 4188 1429 4254 animadvertendum
1454 4204 1499 4255 est
1518 4178 1594 4273 pred

341 4315 435 4376 puam
452 4297 630 4360 sensibilem
645 4296 832 4361 anomaliam
854 4297 886 4358 in
911 4299 1077 4360 momentis
1092 4313 1226 4360 aestuum
1241 4298 1315 4361 inde
1329 4300 1484 4388 originem
1498 4295 1594 4362 trab&

341 4401 425 4484 quod
448 4403 517 4466 haec
538 4420 696 4470 momenta
717 4429 758 4470 ex
780 4421 921 4493 tempore
936 4407 1029 4472 solari
1051 4421 1144 4493 atquc
1160 4431 1178 4471 a
1193 4431 1267 4471 vero
1287 4411 1419 4474 meridie
1435 4434 1488 4474 seu
1502 4401 1595 4473 mnam

346 4511 427 4573 Solis
442 4534 500 4595 per
516 4515 722 4580 meridianum
739 4517 858 4581 soleant
874 4521 1058 4604 computari,
1083 4517 1152 4581 ctlm
1170 4543 1207 4582 ea
1228 4518 1332 4604 potitis
1348 4543 1367 4582 a
1382 4521 1512 4584 transitu
1529 4515 1597 4579 Lus*

340 4642 397 4703 per
419 4620 626 4686 meridianum
649 4627 816 4709 pendeant
864 4628 961 4704 Quod
978 4629 1002 4690 si
1018 4642 1120 4691 autem
1137 4628 1176 4691 ad
1193 4628 1249 4691 has
1265 4630 1497 4693 observationes
1511 4628 1598 4702 ternp¹¹⁵
1653 4619 1657 4632 ⁴

343 4731 449 4792 lunare
465 4751 483 4788 a
500 4731 630 4793 transitu
655 4734 756 4796 Lunae
779 4756 835 4817 per
855 4735 1060 4797 meridianum
1078 4737 1322 4819 computandum
1338 4736 1530 4811 adhibeatur,
1551 4731 1601 4790 ism
1651 4718 1657 4741 ⁴

343 4837 524 4925 gularitates
536 4854 720 4920 apparentes
732 4842 900 4904 niaximum
915 4857 1034 4924 partem
1050 4859 1243 4919 evanescent,
1260 4843 1320 4908 lioc
1336 4844 1412 4908 verb
1428 4843 1523 4909 multd
1533 4841 1609 4911 wlff
