3330 5692
201 578 316 643 lanan
325 577 506 660 Teucrus]
537 579 780 646 PRINCIPIA
803 578 1174 647 MATHEMATICA.
1230 638 1234 645 .
1427 591 1488 652 129

196 751 263 816 fine
277 751 396 829 cursirs,
412 753 466 817 ubi
481 753 584 818 motin
599 754 776 838 apparentis
795 776 869 839 pars
891 754 953 833 illa,
977 777 1048 841 quae
1062 778 1080 818 a
1094 753 1247 839 parallaxi
1259 753 1368 832 oritur,
1392 760 1488 844 majo-

195 881 265 923 rem
285 860 380 924 habet
404 861 639 945 proportionem
660 860 700 925 ad
721 873 838 925 motum
854 872 955 926 totum
970 875 1181 946 apparentem,
1205 861 1369 925 deflectere
1383 864 1486 930 solent

194 971 237 1035 ab
251 970 300 1035 bis
316 970 449 1049 circulis,
467 984 498 1035 et
513 972 634 1058 quoties
644 971 747 1036 Terra
759 985 902 1036 movetur
916 972 950 1035 in
964 994 1059 1035 unam
1071 985 1202 1057 partem,
1219 971 1304 1034 abire
1320 971 1352 1033 in
1367 975 1486 1057 partem

194 1079 396 1143 contrariam.
442 1078 554 1144 Oritur
574 1080 645 1143 haec
665 1080 799 1144 deflexio
820 1078 956 1144 maxime
978 1103 1018 1144 ex
1038 1080 1199 1164 parallaxi,
1221 1093 1387 1164 propterea
1402 1087 1485 1167 quod

194 1186 365 1272 respondet
385 1187 486 1252 motui
508 1187 635 1263 Terrae;
659 1199 692 1251 et
705 1187 835 1275 insignis
858 1190 924 1274 ejus
939 1188 1102 1275 quantitas,
1125 1210 1196 1251 meo
1210 1198 1368 1271 computo,
1392 1189 1487 1254 collo-

193 1295 278 1359 cavit
298 1294 492 1380 disparentes
508 1307 644 1359 cometas
659 1296 733 1359 satis
748 1295 841 1384 longe
862 1295 943 1360 infra
957 1296 1077 1361 Jovem.
1123 1295 1219 1360 Unde
1234 1316 1426 1381 consequens
1441 1311 1487 1363 est

193 1403 282 1492 quod
305 1406 338 1468 in
361 1405 505 1493 perigaeis
531 1418 563 1469 et
583 1405 750 1490 periheliis,
778 1406 833 1471 ubi
854 1405 984 1493 propiis
1009 1407 1131 1486 adsunt,
1158 1407 1351 1473 descendunt
1372 1408 1485 1492 saepius

194 1512 278 1578 infra
293 1514 385 1579 orbes
402 1514 516 1579 Martis
532 1527 563 1578 et
577 1514 758 1579 inferiorum
773 1515 978 1599 planetarum.

241 1620 456 1687 confirmatur
471 1622 563 1686 etiam
578 1623 795 1709 propinquitas
810 1637 1002 1689 cometarum
1018 1626 1055 1710 (θ)
1071 1649 1112 1691 ex
1125 1626 1195 1691 luce
1210 1628 1356 1711 capitum.
1400 1628 1483 1693 Nam

192 1732 334 1818 corporis
348 1733 481 1798 coelestis
496 1757 516 1797 a
532 1732 605 1799 Sole
619 1734 763 1798 illustrati
778 1736 857 1798 etin
872 1736 1014 1822 regiones
1030 1736 1214 1823 longinquas
1225 1736 1377 1814 abeuntis,
1394 1737 1485 1800 dimi-

190 1841 301 1905 nuitur
323 1840 473 1926 splendor
494 1842 527 1904 in
549 1840 785 1928 quadruplicatis
806 1843 928 1907 ratione
950 1843 1124 1907 distantiae:
1148 1844 1180 1905 in
1195 1843 1352 1928 duplicati
1367 1846 1485 1909 ratione

190 1949 336 2016 videlicet
351 1951 392 2015 ob
406 1964 529 2015 auctam
545 1950 685 2036 corporis
699 1951 876 2016 distantiam
890 1977 909 2016 a
922 1952 1005 2030 Sole,
1022 1954 1099 2017 etin
1115 1952 1173 2016 aliia
1189 1953 1345 2037 duplicati
1365 1955 1483 2020 ratione

190 2057 235 2122 ob
256 2058 442 2123 diminutam
463 2059 650 2123 diametrum
672 2073 883 2144 apparentem.
929 2061 1024 2129 Unde
1040 2063 1065 2125 si
1080 2061 1171 2126 detur
1186 2075 1217 2126 et
1236 2063 1313 2127 lucis
1327 2066 1482 2151 quantitas

190 2182 226 2231 et
239 2190 393 2253 apparens
408 2169 559 2233 diameter
574 2181 714 2245 cometae,
731 2168 855 2233 dabitur
870 2169 1024 2247 distantia,
1040 2170 1173 2233 dicendo
1184 2170 1269 2255 quod
1284 2171 1430 2237 distantia
1445 2175 1485 2237 sit

190 2274 233 2338 ad
248 2275 425 2340 distantiam
439 2276 584 2360 planetae,
602 2276 635 2338 in
650 2276 770 2340 ratione
785 2276 927 2340 diametri
942 2276 983 2340 ad
997 2276 1184 2340 diametrum
1193 2276 1310 2341 directe
1322 2292 1353 2342 et
1364 2282 1485 2346 ratione

190 2383 350 2469 duplicati
365 2385 444 2449 lucis
459 2385 499 2449 ad
514 2385 617 2449 lucem
632 2384 763 2449 inverse.
803 2386 855 2450 Sic
869 2386 998 2449 minima
1013 2386 1152 2470 capillitii
1167 2400 1295 2451 cometae
1310 2390 1384 2451 anni
1403 2400 1484 2456 1682

187 2491 351 2570 diameter,
372 2517 429 2579 per
443 2494 554 2557 tubum
570 2493 708 2578 opticum
726 2492 884 2556 sexdecim
905 2494 1022 2577 pedum
1036 2516 1056 2556 a
1072 2494 1262 2558 Flamstedio
1276 2496 1439 2562 observata
1453 2512 1485 2565 et

187 2606 388 2670 micrometro
403 2620 590 2681 mensurata,
607 2605 752 2692 aequabat
766 2608 806 2668 θ’.
823 2607 863 2669 0''
873 2628 882 2680 ;
897 2605 1025 2668 nucleus
1041 2618 1144 2669 autem
1158 2628 1213 2669 seu
1229 2607 1316 2670 stella
1331 2608 1363 2671 in
1378 2609 1484 2673 medio

188 2716 299 2799 capitis
314 2716 368 2779 vix
383 2716 535 2779 decimam
549 2728 670 2799 partem
693 2715 864 2780 latitudinis
878 2714 971 2800 hujus
986 2716 1168 2800 occupabat,
1193 2716 1326 2804 ideoque
1341 2719 1403 2783 lata
1417 2733 1484 2784 erat

189 2837 312 2888 tantum
337 2826 406 2888 ll''.
422 2824 472 2888 vel
500 2828 569 2888 12'‘.
629 2825 716 2889 Luce
740 2814 815 2889 verb
841 2835 872 2888 et
897 2824 1036 2890 claritate
1061 2828 1170 2911 capitis
1196 2831 1363 2912 superabat
1388 2844 1483 2913 caput

188 2943 320 2995 cometae
335 2931 409 2994 anni
427 2939 522 3008 1680,
545 2931 710 3018 stellasque
724 2932 834 3018 primae
849 2932 895 2995 vel
920 2932 1066 2996 secundae
1079 2935 1301 3020 magnitudinis
1317 2936 1483 3000 aemulaba·

186 3053 248 3106 tur.
295 3042 453 3106 Ponamus
477 3042 647 3106 Saturnum
671 3065 743 3107 cum
765 3042 882 3106 annulo
904 3065 961 3106 suo
984 3045 1073 3128 quasi
1097 3044 1272 3129 quadruplo
1297 3046 1477 3111 lucidiorem

185 3147 299 3212 fuisse:
322 3159 353 3212 et
373 3148 522 3235 quoniam
543 3148 600 3211 lux
621 3148 728 3211 annuli
749 3149 978 3233 propemodum
994 3148 1138 3235 aequabat
1159 3150 1259 3214 lucem
1275 3152 1360 3238 globi
1382 3153 1477 3216 inter-

185 3256 292 3333 medii,
315 3270 347 3320 et
367 3256 518 3321 diameter
539 3278 693 3341 apparens
713 3255 799 3344 globi
815 3256 854 3320 sit
869 3257 956 3343 quasi
973 3258 1044 3319 W.
1061 3256 1193 3341 ideoque
1209 3257 1263 3321 lux
1278 3258 1364 3346 globi
1380 3275 1410 3323 et
1425 3284 1480 3324 an·

184 3411 429 3460 eusuumdescendit.
457 3412 606 3468 Quietamen
617 3412 642 3458 in
653 3411 736 3458 eodem
748 3411 820 3471 plano
851 3410 948 3471 sphaere
965 3407 1087 3466 contineri,
1106 3405 1207 3472 ideoque
1222 3408 1346 3457 densiutes
1362 3408 1480 3457 radiorum

183 3492 278 3538 semper
288 3476 382 3533 incedit,
395 3479 474 3524 orbem
483 3477 627 3534 circularem,
638 3475 734 3523 Tellure
742 3475 817 3536 quies-
850 3484 919 3522 erunt
929 3474 953 3520 iu
964 3475 1053 3521 mdona
1069 3474 1244 3534 superficierum
1260 3475 1425 3535 epheritarum
1442 3475 1478 3521 in-

184 3552 260 3598 eante,
276 3540 394 3616 videretur
409 3541 544 3597 describere,
561 3541 722 3603 sedquoniam
738 3539 819 3587 Tellus
851 3537 923 3596 versi,
940 3540 985 3615 hoc
995 3538 1078 3614 estin
1089 3539 1177 3614 ratione
1188 3537 1306 3599 duplicati
1320 3537 1477 3615 semi-diame-

184 3605 820 3726 ttmttffithtu‘ssltlt‘m‘ttttt
850 3601 1479 3732 &mttftltttfmttttttlttittt

183 3736 280 3782 boream
295 3734 366 3781 altius
381 3734 513 3789 ascendere,
530 3731 601 3780 modd
618 3731 698 3779 versus
713 3742 819 3779 austrum
851 3729 929 3779 babiti
940 3732 1035 3788 ratione,
1048 3732 1148 3779 sennan
1157 3747 1211 3793 que
1221 3748 1235 3778 a
1245 3731 1316 3778 radiis
1326 3747 1407 3778 uersos
1418 3734 1477 3792 opti,

183 3798 283 3846 interim
292 3798 431 3846 descendere
448 3798 572 3858 apparebit.
612 3796 819 3845 observationibus
850 3811 891 3842 cos
909 3796 1091 3856 percutientibus
1107 3797 1226 3852 excitetur,
1246 3805 1281 3843 est
1296 3805 1324 3843 ut
1338 3795 1478 3858 quadratum

183 3873 331 3925 computum
342 3872 377 3909 est
388 3873 490 3910 cometas
508 3860 677 3922 propemodum
690 3862 713 3907 iu
726 3862 818 3908 circulis
849 3859 1070 3907 dbmaaeinverse.
1094 3858 1353 3922 Sedqudremotiusest
1364 3859 1476 3917 lucidum,

183 3929 295 4038 magimis
304 3942 408 4038 pergarq,
419 3925 526 4037 quandiu
537 3925 818 4038 rqorenltprhc'elepiuerst
849 3939 879 3999 eo
894 3924 1014 4035 pmqiorpp
1024 3923 1081 4035 miii
1092 3924 1122 3971 ad
1133 3924 1232 4034 ῗυῑὶὲιηέ
1245 3925 1390 4034 pervenipnt,
1406 3925 1478 4002 idque

185 4000 600 4116 tstffitntffitt}
618 4004 820 4117 paliliilt
850 4004 1011 4115 lollii,
1029 4004 1057 4100 t:
1064 3991 1396 4113 ailisbiainlmnlmffi
1407 4005 1477 4113 :2332

186 4131 332 4168 cometamm
354 4119 478 4167 curvaturi
498 4120 528 4168 de
552 4117 600 4180 qut
625 4119 692 4166 inira.
739 4117 819 4171 Quart
850 4119 922 4165 rantis
932 4118 1060 4165 diminmm
1097 4116 1184 4175 Queri,
1196 4117 1365 4178 componendo,
1376 4119 1478 4178 corporis

184 4185 296 4245 deinceps
312 4183 431 4232 trademus
446 4199 552 4230 normam
568 4182 672 4244 computi
688 4198 736 4245 quo
747 4185 818 4230 Νενι-
851 4182 950 4230 coelestis
964 4198 979 4228 a
997 4183 1051 4229 Sole
1061 4181 1169 4229 illustrati
1184 4191 1208 4228 et
1221 4181 1246 4227 in
1261 4183 1368 4244 regiones
1384 4182 1477 4243 longin-

184 4259 257 4297 tonus
273 4248 415 4310 disparentes
430 4258 533 4295 eometm
547 4247 603 4295 satia
618 4246 690 4309 longe
704 4246 819 4295 infriJo-
851 4262 909 4309 quas
929 4248 1035 4294 abeuutb
1056 4246 1195 4294 diminuitur
1215 4245 1323 4306 splendor
1343 4247 1369 4292 in
1389 4249 1478 4294 mione

184 4328 239 4360 vern
255 4314 384 4370 collocarit,
402 4312 564 4375 nonnullaque
574 4312 698 4358 afferemus
713 4310 820 4371 exempla
851 4310 1026 4373 quadruplicati
1037 4310 1159 4359 diurnae.
1190 4310 1244 4358 Erit
1254 4310 1477 4373 itaquequadratum

182 4388 329 4504 ¹qqnmetarum
340 4378 380 4488 qui
397 4376 535 4489 infdreirques
548 4377 633 4424 Martis
643 4384 667 4423 et
682 4376 817 4423 inferiorum
850 4375 1098 4487 d'bninfiaemmgdm·
1109 4373 1204 4486 Solqrd
1213 4373 1353 4486 quedrstqg
1363 4374 1478 4485 disputa?

224 4451 331 4488 netarum
358 4457 425 4489 escen
501 4450 518 4488 t.
905 4450 949 4487 etas
1043 4453 1277 4486 emrnraronecom
1363 4454 1391 4486 er
1416 4455 1431 4486 u
1458 4456 1478 4486 ι-

849 4455 905 4552 iat
920 4505 1008 4552 mtione
1018 4504 1124 4551 diametri
1140 4502 1270 4563 apparentis
1278 4454 1376 4550 icium&
1387 4503 1416 4550 ed
1428 4455 1477 4551 dia-

217 4569 325 4634 (²)135.
347 4574 359 4600 ⁹
378 4573 417 4620 Ec
435 4573 489 4618 luce
507 4573 618 4633 capitana.
654 4568 821 4632 Intelligantur
852 4579 953 4616 metrum
975 4565 1244 4629 rppnentemtptnnan
1265 4577 1289 4614 et
1310 4568 1398 4615 ratiom
1419 4568 1479 4616 lucis

186 4633 243 4681 due
265 4634 399 4695 superficies
423 4635 540 4695 spherica
561 4634 721 4690 concentrice,
743 4634 821 4680 minor
852 4632 951 4693 planete
972 4633 1001 4678 ad
1029 4632 1105 4679 lucem
1126 4642 1230 4679 comme.
1277 4631 1349 4681 Unde
1370 4632 1478 4681 munda

186 4714 244 4754 una,
255 4702 332 4761 major
342 4699 422 4756 altere,
440 4708 464 4747 et
480 4700 504 4745 in
515 4708 595 4746 centro
605 4698 727 4760 utriusque
736 4699 821 4745 consti·
853 4707 949 4744 cometas
958 4713 974 4744 s
986 4696 1039 4744 Sole
1050 4707 1084 4744 est
1094 4696 1124 4743 ed
1134 4695 1266 4745 distantm
1283 4697 1382 4757 planet·
1397 4700 1427 4745 ab
1437 4712 1475 4745 eo·

185 4763 479 4826 tntumfiugsturcorpus
493 4763 588 4826 aliquod
602 4761 716 4810 lucidum.
754 4763 821 4818 Quo-
852 4761 950 4808 demin
969 4763 1058 4809 ratione
1076 4760 1204 4822 compositi
1221 4776 1250 4810 er
1269 4763 1358 4811 ratione
1372 4760 1476 4810 diurnam

185 4827 250 4873 niem
263 4827 508 4887 corpusilludradios
516 4843 571 4875 sum
580 4842 723 4890 peromnem
734 4827 820 4874 circui-
852 4826 982 4887 apparentis
1001 4837 1097 4875 mmete
1118 4825 1148 4873 ad
1169 4826 1308 4884 diametrm
1329 4837 1476 4888 apparentem

184 4902 238 4937 turn
260 4891 384 4948 diffundit,
409 4890 502 4939 evidens
523 4901 559 4939 est
582 4891 681 4939 mndem
703 4890 820 4938 rsdiomm
852 4890 1084 4950 plenetaeetrrtione
1097 4889 1477 4953 mbdupticutlucinptmetud

180 4956 337 5018 quantitatem
367 4957 392 5003 in
419 4954 521 5005 concavi
554 4957 675 5017 superficie
701 4955 821 5018 ramusque
853 4954 928 5003 lucem
940 4967 1044 5004 cometa.

803 5040 845 5088 lt
