3330 5692
196 544 304 608 L1aan
322 540 501 623 Tanarus]
548 543 787 610 PRINCIPIA
813 544 1180 612 MATHEMATICA.
1414 553 1475 612 185

236 715 465 799 Atmosphaerae
487 729 678 782 cometarum
701 719 734 780 in
754 706 906 784 descensu
926 741 1035 783 eorum
1056 720 1089 783 in
1113 720 1218 786 Solem
1233 720 1428 786 excurrendo
1442 720 1476 784 in

194 820 318 898 caudas,
334 821 559 900 diminuuntur,
575 836 607 887 et
623 823 671 909 (ei
687 824 770 901 certe
785 825 818 888 in
831 838 920 909 parte
933 847 1004 911 quae
1018 826 1122 891 Solem
1133 826 1271 910 respicit)
1283 828 1475 913 angustiores

192 930 383 994 redduntur:
407 944 439 995 et
452 932 588 996 vicissim
602 934 634 996 in
650 955 773 998 recessu
787 955 896 997 eorum
911 956 930 997 a
945 934 1028 1011 Sole,
1044 934 1098 998 ubi
1108 936 1174 1020 jam
1188 931 1290 999 minuis
1305 946 1477 998 excurrunt

191 1037 225 1100 in
239 1036 364 1114 caudas,
379 1037 584 1122 ampliantur3
600 1040 626 1102 si
640 1039 736 1104 modb
750 1039 959 1125 phaenomena
968 1061 1077 1106 eorum
1090 1041 1242 1105 Herelius
1254 1040 1337 1105 recte
1347 1042 1474 1106 notavit.

193 1145 337 1211 Minimae
361 1159 465 1210 autem
490 1161 652 1233 apparent,
674 1148 730 1212 ubi
752 1150 855 1233 capita
874 1150 942 1235 jam
966 1148 1062 1234 model
1084 1149 1125 1212 ad
1149 1148 1255 1213 Solem
1276 1147 1423 1214 calefacta
1442 1151 1475 1214 in

191 1252 305 1316 caudas
326 1252 477 1316 maximas
499 1267 530 1318 et
550 1253 792 1342 fulgentissimus
807 1256 921 1334 abiere,
937 1270 969 1321 et
987 1256 1090 1320 nuclei
1104 1255 1195 1320 firmo
1205 1254 1309 1322 forsan
1325 1259 1475 1323 crassiore

190 1376 222 1427 et
235 1364 373 1451 nigriore
388 1363 421 1425 in
435 1364 714 1448 atmosphaerarum
728 1365 869 1450 partibus
883 1365 997 1429 infimis
1012 1363 1243 1430 circundantur.
1274 1366 1358 1431 Nam
1372 1365 1475 1431 fumus
1513 1440 1517 1447 ,

191 1470 292 1533 omnis
314 1468 433 1556 ingenti
454 1470 558 1534 calore
579 1471 731 1535 excitatus
753 1473 885 1536 crassior
906 1485 940 1537 et
957 1470 1076 1562 nigrior
1090 1495 1158 1537 esse
1172 1473 1260 1537 solet.
1306 1473 1359 1538 Sic
1381 1488 1475 1559 caput

191 1589 331 1654 cometae,
348 1578 466 1664 dequo
481 1579 610 1666 egimus,
627 1580 660 1643 in
674 1581 880 1667 aequalibusa
895 1581 968 1647 Sole
983 1605 1020 1646 ac
1035 1582 1135 1647 Terra
1149 1583 1302 1647 distantiis
1313 1583 1474 1648 obscurius

190 1688 335 1773 apparuit
348 1701 421 1773 post
435 1689 620 1774 perihelium
635 1712 728 1754 suum
742 1687 835 1776 qndm
849 1703 950 1756 antea.
988 1690 1102 1756 Mense
1116 1693 1202 1756 enim
1217 1692 1388 1757 Decembri
1402 1715 1474 1756 cum

190 1797 286 1862 stellis
302 1798 402 1862 tertiae
416 1799 640 1886 magnitudinis
653 1797 786 1863 corrfeni
800 1797 927 1877 solebat,
951 1811 984 1864 at
1003 1821 1109 1864 mense
1125 1800 1298 1865 Novembri
1312 1823 1384 1865 cum
1400 1801 1473 1865 stel-

189 1907 227 1971 lis
250 1909 360 1993 primae
382 1920 414 1973 et
436 1910 594 1974 secunde.
637 1908 681 1974 Et
694 1909 747 1996 qui
766 1921 931 1995 utrumque
947 1909 1098 1986 viderant,
1121 1910 1272 1993 majorem
1292 1909 1474 1974 describunt

190 2028 344 2080 cometam
372 2015 518 2100 priorem.
578 2015 661 2080 Nam
685 2016 794 2100 juveni
820 2015 943 2080 cuidam
968 2014 1228 2102 cantabrigiensi,
1260 2013 1393 2079 Novem.
1421 2025 1472 2081 19.

188 2134 310 2186 cometa
334 2121 424 2185 hicce
446 2120 516 2186 luce
536 2121 591 2186 sual
607 2121 802 2207 quantumvis
824 2119 970 2205 plumbei
992 2134 1023 2186 et
1044 2121 1165 2199 obtusi,
1181 2121 1326 2207 aequabat
1347 2122 1473 2206 Spicam

189 2228 341 2315 Virginis,
358 2240 389 2291 et
402 2226 515 2291 clarius
531 2227 665 2292 micabat
679 2225 772 2314 quim
786 2239 902 2312 postea
941 2227 984 2291 Et
999 2227 1189 2293 Montenaro
1205 2228 1286 2306 Nov.
1297 2235 1349 2292 20.
1361 2241 1399 2293 st.
1410 2242 1472 2296 vet.

188 2345 310 2400 cometa
324 2334 494 2420 apparebat
510 2336 609 2420 major
622 2333 717 2398 stellis
731 2335 841 2418 primae
856 2333 1089 2421 magnitudinis,
1111 2334 1263 2398 existente
1278 2333 1377 2397 caudi
1393 2334 1472 2399 duo-

190 2464 261 2507 rum
275 2442 430 2531 graduum
449 2443 662 2530 longitudinis.
708 2442 751 2506 Et
771 2441 815 2506 D.
832 2443 940 2508 Storer
954 2442 1062 2519 literis,
1085 2464 1157 2530 quae
1178 2443 1211 2505 in
1226 2464 1336 2506 manus
1350 2457 1472 2510 nostras

189 2543 337 2630 incidere,
362 2553 485 2637 scripsit
506 2565 599 2636 caput
620 2553 686 2637 ejus
707 2572 814 2616 mense
834 2552 1014 2630 Decembri,
1038 2552 1092 2617 ubi
1109 2552 1242 2617 caudam
1256 2553 1426 2617 maximam
1439 2565 1473 2618 et

189 2658 453 2747 fulgentissimam
482 2659 650 2737 emittebat,
680 2681 812 2744 parvum
840 2683 907 2725 esse
936 2673 968 2724 et
995 2660 1208 2748 magnitudine
1237 2661 1349 2725 visibili
1377 2660 1471 2748 longd

187 2771 297 2836 cedem
327 2789 469 2848 cometae,
499 2769 553 2854 qui
580 2790 686 2834 mense
716 2769 888 2835 Novembri
916 2783 987 2834 ante
1001 2792 1004 2798 ¹
1018 2769 1101 2836 Solis
1130 2783 1235 2835 ortum
1272 2785 1469 2856 apparuerat.

189 2882 287 2968 Cujus
312 2883 357 2949 rei
382 2883 534 2946 rationem
555 2903 622 2945 esse
644 2880 884 2965 conjectabatur,
907 2880 994 2967 quod
1014 2880 1143 2946 materia
1165 2880 1275 2967 capitia
1297 2880 1356 2945 sub
1380 2880 1469 2946 initio
1516 2869 1525 2880 '

188 2991 345 3075 copiosior
359 3003 449 3068 esset,
466 3003 497 3054 et
510 2989 659 3073 paulatim
674 3000 916 3053 consumeretur.

234 3098 356 3164 Eodem
378 3111 518 3184 spectare
539 3097 671 3176 videtur,
694 3097 779 3183 quod
795 3097 897 3184 capita
911 3109 1099 3162 cometarum
1115 3097 1257 3177 aliorum,
1280 3099 1335 3185 qui
1356 3099 1470 3164 caudas

185 3208 338 3271 maximas
360 3219 392 3271 et
412 3204 652 3291 iirlgentissimas
675 3203 854 3282 emiserunt,
878 3203 1081 3289 apparuerint
1096 3205 1288 3269 subobscura
1301 3217 1333 3270 et
1346 3207 1469 3293 exigua.

187 3315 272 3380 Nam
293 3337 376 3379 anno
400 3322 492 3379 1668.
511 3313 608 3379 Mart.
625 3319 654 3376 5.
669 3324 707 3375 at.
722 3333 794 3375 nor.
809 3310 887 3376 hori
903 3310 1033 3396 septima
1053 3310 1225 3395 vespertini
1243 3312 1283 3376 R.
1302 3312 1338 3377 P.
1354 3312 1471 3377 Valen·
1596 3284 1600 3293 ¹

185 3423 269 3488 tinus
292 3421 466 3497 Estancius,
491 3419 633 3484 Brasilioe
658 3440 765 3507 agens,
788 3430 940 3483 cometam
962 3416 1040 3482 vidit
1060 3416 1215 3482 horizonti
1235 3418 1414 3502 proximum
1429 3419 1471 3484 ad

185 3555 333 3599 occaeum
356 3532 438 3598 Solis
460 3531 642 3610 brumalem,
667 3531 768 3616 capite
788 3530 918 3595 minimo
939 3542 971 3594 et
992 3530 1046 3593 vix
1068 3531 1247 3615 conspicuo,
1271 3530 1369 3595 caudi
1395 3529 1471 3596 verb

185 3637 424 3724 supramodum
439 3637 587 3727 fulgente,
604 3652 639 3703 ut
654 3651 769 3703 stantes
792 3638 826 3700 in
847 3636 951 3700 littore
965 3636 1100 3721 speciem
1116 3638 1182 3720 ejus
1197 3659 1215 3700 e
1228 3637 1308 3699 mari
1322 3637 1470 3701 reflexam

184 3748 277 3814 facile
297 3760 470 3812 cernerent.
516 3748 659 3832 Speciem
679 3747 787 3834 ntique
801 3746 938 3810 habebat
951 3745 1047 3810 trabis
1062 3746 1252 3831 splendentis
1274 3746 1470 3834 longitudine

184 3864 226 3920 23
242 3856 408 3942 graduum,
424 3854 464 3918 ab
478 3855 639 3919 occidente
654 3855 687 3918 in
702 3866 842 3919 austrum
856 3875 997 3941 vergens,
1014 3865 1046 3918 et
1063 3852 1218 3918 horizonti
1232 3852 1297 3918 fere
1311 3854 1468 3938 parallela.

184 3962 307 4027 Tantus
322 3977 426 4027 autem
448 3963 596 4046 splendor
615 3974 678 4027 tres
701 3960 804 4026 schim
820 3961 887 4026 dies
909 3962 1050 4040 durabat,
1066 3961 1198 4028 subinde
1222 3962 1401 4028 notabiliter
1415 3964 1470 4028 de-

185 4093 344 4148 crescens3
367 4085 399 4136 et
419 4071 539 4136 interea
559 4070 757 4135 decrescente
773 4068 938 4153 splendore
953 4080 1044 4134 aucta
1062 4083 1110 4134 est
1130 4069 1345 4158 magnitudine
1360 4069 1468 4134 cauda.

184 4182 282 4250 Unde
298 4183 392 4249 etiarn
414 4183 446 4247 in
469 4180 631 4248 Lusitaniri
651 4194 795 4268 quartam
814 4178 880 4245 fere
898 4179 969 4244 coeli
984 4192 1105 4265 partem
1126 4180 1172 4266 (id
1193 4192 1250 4256 est,
1273 4177 1390 4266 gradus
1412 4178 1468 4259 45)

182 4311 351 4375 occupasse
360 4289 473 4354 dicitur
485 4291 525 4353 ab
536 4289 697 4353 occidente
711 4288 745 4351 in
755 4287 907 4352 orientem
917 4288 1082 4373 splendore
1094 4311 1165 4353 cum
1176 4286 1291 4375 insigni
1304 4298 1468 4372 portensa3

181 4421 241 4462 nec
255 4410 359 4463 tamen
374 4410 440 4461 tota
454 4398 607 4483 apparuit,
619 4397 720 4482 capite
735 4419 858 4484 semper
875 4397 908 4460 in
922 4396 971 4461 his
986 4397 1164 4485 regionibus
1179 4394 1259 4460 infrri
1273 4394 1469 4461 horizontem

182 4505 392 4572 delitescente.
430 4505 482 4568 Ex
497 4506 689 4569 incremento
703 4503 812 4568 caudae
827 4517 859 4568 et
873 4502 1072 4568 decremento
1086 4502 1259 4588 splendoris
1272 4501 1469 4568 manifestum

183 4627 240 4691 est,
267 4612 353 4700 quod
378 4625 473 4697 caput
497 4635 517 4676 a
541 4613 614 4677 Sole
636 4612 774 4689 recessit,
794 4612 885 4697 eique
906 4612 1086 4695 proximum
1104 4610 1163 4675 fuit
1180 4610 1279 4691 initio,
1303 4634 1363 4697 pro
1381 4634 1468 4675 more

186 4732 319 4785 comete
334 4720 407 4784 anni
424 4729 518 4785 1680.
556 4718 599 4783 Et
613 4719 645 4781 in
665 4716 822 4783 Chronico
838 4719 995 4783 Saronico
1010 4717 1118 4782 similis
1132 4717 1247 4804 legitur
1260 4731 1381 4782 cometa
1395 4720 1468 4781 anni

188 4840 280 4897 1106.
303 4831 384 4916 crpus
404 4833 491 4897 stella
514 4840 581 4895 erat
596 4849 699 4912 parua
714 4837 743 4893 et
758 4828 880 4894 obscum
902 4831 951 4912 (ut
971 4826 1024 4892 ille
1037 4827 1111 4892 aruri
1129 4826 1235 4908 1680.)
1257 4829 1310 4892 sed
1329 4828 1467 4911 splerrdor
