3300 5678
338 459 527 525 FLUXUS
550 458 610 522 AC
636 454 889 522 REFLUXUS
913 451 1071 517 Marus.
1280 446 1348 513 827

58 635 171 700 cesina
189 665 224 690 ε
242 657 274 720 p,
290 636 359 700 sinu
373 633 589 699 declinationis
606 632 707 696 Lunae
724 659 759 684 =
780 629 823 707 Q,
839 629 949 691 cosinu
967 656 1002 680 =
1020 648 1051 710 q,
1068 624 1167 707 major
1180 633 1273 685 oestus
1289 620 1345 682 fiat

58 803 118 866 per
133 785 262 868 spatium
275 753 455 930 ἡ
469 768 547 897 (pq
562 789 594 854 ÷
609 729 941 925 ἭΒΗ,
968 773 1071 836 minor
1092 767 1166 833 verb
1190 790 1247 853 per
1273 790 1344 851 spa·

56 967 543 1142 tium=ffiffg3fflpq=
566 945 864 1114 Q-J-glf,
902 990 939 1070 (§.
970 985 1035 1064 86.)
1072 983 1131 1047 erit
1165 1003 1223 1067 per
1258 978 1344 1045 hund

52 1219 172 1271 esrum
201 1203 296 1268 maris
325 1204 524 1268 mensurandi
553 1200 682 1264 modum
708 1201 862 1283 quantitas
885 1199 979 1263 aestris
1012 1231 1046 1256 =
1079 1164 1344 1341 ΠΙ-ἓίξς-έῇ

57 1367 1339 1558 (n²q⁹÷l-¹-3(5⁸·-l3l{g)'·,⁹—9-⁹)=5—(1338—v(n²-PQQ⁹÷

59 1580 480 1738 (¹.-ag)²P⁹Q⁹),ex
518 1619 618 1684 ulex
709 1620 717 1634 ⁰
895 1619 948 1683 ‘'t
1076 1618 1083 1631 '
1212 1615 1345 1681 tusubi-

69 1675 156 1770 ...n
170 1671 371 1771 5255...
409 1668 418 1696 ,
495 1643 515 1705 q
618 1641 779 1704 pressione
799 1641 935 1704 perspici
950 1641 987 1683 ur
1001 1640 1153 1683 marumos
1168 1640 1211 1680 aes

63 1818 136 1883 qne,
169 1795 194 1858 si
216 1793 341 1880 quidem
363 1793 458 1857 modo
480 1793 631 1857 recensito
661 1806 888 1869 mensurentur,
920 1793 1021 1856 Lunae
1043 1792 1168 1876 inipso
1189 1801 1347 1874 aequatore

60 1943 189 2030 degenti
203 1940 402 2027 respondere,
419 1940 478 2003 nisi
493 1941 533 2004 sit
548 1900 748 2091 (1(1“8ξ)ἑ)
769 2031 771 2035 Ι
785 1897 798 1934 ⁹
812 1941 843 2001 >
854 1962 877 2024 p
888 1944 910 2018 ¹,
930 1938 991 2004 hoc
1005 1952 1052 2003 cst
1065 1940 1124 2002 nisi
1140 1951 1271 2025 tangens
1286 1936 1348 2000 ele·

61 2156 194 2221 rationis
208 2154 272 2240 poli
287 2156 386 2240 major
402 2155 441 2217 sit
451 2152 544 2239 quim
560 2122 730 2302 ἐξὲξ-ἔτ
753 2152 802 2217 his
817 2155 934 2219 scilicet
947 2156 1126 2243 regionibus
1142 2155 1234 2219 etiam
1257 2152 1349 2215 Luna

60 2331 221 2398 declinans
243 2332 283 2396 ab
305 2343 462 2418 requatore
484 2331 616 2414 majores
638 2340 731 2391 aestus
747 2328 907 2413 producet.
952 2331 997 2393 At
1011 2331 1037 2393 si
1050 2340 1186 2413 ponatur
1204 2351 1226 2415 g
1243 2357 1278 2381 =
1297 2325 1348 2406 ᾖ,

60 2441 170 2527 prodit
190 2440 322 2506 elevatio
342 2439 417 2526 poli,
442 2439 495 2502 ubi
517 2437 625 2524 regula
645 2436 767 2521 prolata
786 2437 894 2502 fallere
917 2439 1035 2523 incipit,
1059 2438 1133 2512 66⁰3
1171 2438 1219 2499 sin
1246 2450 1349 2498 autem

59 2562 199 2634 ponatur
220 2569 243 2634 g
262 2577 296 2600 =
315 2549 365 2628 3¹⁸,
388 2546 425 2608 lit
446 2545 576 2608 elevatio
597 2544 662 2629 poli
684 2545 783 2629 major
803 2544 895 2630 qurlm
920 2553 994 2621 58⁰3
1024 2559 1057 2609 at
1077 2545 1180 2630 posito
1201 2567 1223 2631 g
1241 2571 1275 2596 =
1297 2547 1348 2622 rb,

59 2656 206 2742 provenit
219 2654 283 2739 poli
298 2653 428 2718 elevatio
444 2660 507 2721 76⁰.
555 2652 636 2717 Crim
653 2654 747 2739 igitur
762 2653 793 2715 in
809 2654 885 2718 locis
900 2653 980 2739 polis
1002 2669 1066 2718 tam
1080 2655 1188 2717 vicinis
1203 2653 1350 2717 observa-

65 2765 168 2830 tiones
182 2765 300 2828 institui
314 2786 377 2826 non
393 2763 521 2838 soleant,
539 2763 613 2826 satis
629 2762 696 2826 tuti)
710 2762 862 2827 affirmare
884 2763 965 2840 licet,
988 2765 1141 2826 maximos
1154 2775 1248 2824 oestus
1263 2783 1349 2824 men·

61 2888 167 2939 struas
192 2872 331 2937 accidere
358 2873 440 2936 circa
464 2872 660 2956 equinoctia,
692 2872 718 2934 si
747 2873 872 2957 quidem
900 2874 1056 2958 quantitas
1083 2871 1178 2936 aestlrs
1208 2871 1350 2957 quotidie

61 2994 260 3047 mensuretur
274 3003 330 3066 per
346 2981 482 3044 medium
497 2981 726 3045 arithmeticum
742 2981 821 3045 inter
833 2984 941 3067 spatia,
953 3007 1024 3069 quoe
1039 2983 1103 3047 duo
1118 2996 1212 3046 aestus
1227 3005 1350 3046 suoces-

62 3089 121 3153 sivi
137 3088 315 3152 conficiunt.

107 3201 132 3278 §.
151 3204 223 3259 111.
256 3193 343 3270 Quid
366 3216 448 3256 nunc
470 3193 554 3257 aliud
577 3193 617 3256 de
641 3194 759 3258 theoria
782 3195 887 3259 nostri
911 3198 950 3260 sit
972 3197 1177 3274 sentiendum,
1201 3198 1260 3260 nisi
1282 3219 1349 3260 eam

61 3328 171 3369 veram
186 3319 218 3370 et
231 3306 398 3393 genuinam
415 3304 509 3368 aestus
523 3305 616 3367 maris
632 3328 767 3382 causam,
784 3306 883 3392 qualis
898 3307 939 3370 ab
960 3307 1166 3371 illustrissima
1182 3306 1353 3370 Academia

65 3418 171 3506 Regia
184 3420 217 3481 in
232 3418 391 3503 propositi
408 3418 577 3504 quaestione
592 3417 793 3494 desideratur,
818 3420 850 3482 in
866 3443 898 3483 se
913 3420 1087 3504 complecti,
1111 3442 1174 3482 non
1190 3416 1353 3482 videmus?

63 3526 142 3593 Non
166 3527 268 3592 solum
291 3529 374 3591 enim
401 3529 504 3590 omnia
528 3526 746 3610 phaenomena,
772 3552 843 3614 quae
866 3530 897 3592 in
923 3545 1000 3595 oestu
1023 3532 1117 3595 maris
1139 3531 1352 3600 observantur,

65 3633 150 3698 clara
171 3646 204 3697 et
225 3634 368 3698 distincte
394 3633 626 3717 explicavimus,
652 3633 823 3699 sedetiam
848 3638 1043 3701 existentiam
1068 3638 1219 3702 actualem
1247 3656 1353 3698 earum

65 3742 190 3818 virium,
214 3741 326 3827 quibus
348 3742 406 3804 hos
429 3741 556 3805 effectus
579 3741 792 3820 adscribimus,
814 3744 1042 3808 evidentissime
1057 3743 1354 3814 demonstravimus3

66 3871 109 3913 ex
123 3871 188 3935 quo
203 3847 334 3912 efficitur
349 3870 474 3911 causam
489 3871 508 3910 a
523 3847 613 3910 nobis
629 3849 825 3935 assignatam,
846 3873 908 3913 non
924 3864 1043 3914 tantum
1060 3851 1203 3914 omnibus
1226 3850 1356 3934 phaeno·

66 3956 171 4020 menis
192 3953 374 4030 satisfacere,
398 3955 453 4018 sed
476 3955 568 4017 etiam
584 3978 652 4018 esse
667 3956 789 4019 unicam
805 3980 875 4042 quae
890 3980 960 4020 cum
977 3958 1047 4021 verri
1064 3959 1232 4021 consistere
1253 3970 1354 4041 queat.

64 4064 169 4142 Quod
185 4065 211 4127 si
226 4065 309 4127 enim
324 4065 476 4149 quispiam
494 4065 568 4127 alias
584 4066 665 4128 vires
680 4067 845 4152 excogitet,
869 4067 981 4152 quibus
1003 4067 1092 4154 reque
1107 4069 1212 4131 omnia
1226 4066 1356 4151 phaeno-

63 4194 164 4237 mena
184 4172 339 4256 explicare
361 4185 474 4256 posset,
499 4173 618 4235 etiamsi
641 4173 701 4235 hoc
716 4173 784 4236 fieri
806 4196 897 4257 posse
913 4174 1039 4238 minime
1055 4173 1273 4250 concedamus,
1290 4175 1356 4258 ejus

64 4279 155 4346 certe
178 4279 343 4363 explicatio
359 4278 461 4342 subiti)
476 4279 653 4342 concideret
668 4292 699 4342 et
714 4287 904 4343 everteretur
918 4305 937 4343 a
951 4281 1067 4344 viribus
1085 4294 1201 4344 nostroe
1215 4279 1355 4357 theoria,

53 4411 148 4477 aquas
163 4385 289 4449 aliunde
312 4386 342 4448 in
358 4385 477 4448 mundo
491 4386 622 4449 existere
638 4385 763 4449 abunde
779 4401 918 4462 constat;
941 4388 1087 4472 quoniam
1102 4387 1142 4450 ab
1164 4387 1225 4450 illis
1241 4387 1358 4450 viribus

59 4493 262 4581 imaginariis
284 4491 393 4577 hisque
414 4491 550 4556 realibus
566 4493 753 4578 conjunctim
770 4494 897 4558 effectus
912 4495 1087 4579 duplicatus
1102 4498 1250 4582 consequi
1265 4497 1359 4560 debe-

58 4615 124 4679 ret,
143 4621 239 4684 quern
254 4599 446 4682 experientia
460 4612 628 4663 aversatur.
676 4599 769 4662 Nunc
784 4601 880 4686 igitur
893 4601 983 4665 nobis
999 4625 1121 4667 summo
1136 4605 1208 4689 jure
1223 4625 1360 4667 asserere

58 4732 161 4799 posse
177 4707 331 4784 videmur,
349 4731 453 4771 veram
470 4708 563 4772 mstirs
580 4708 672 4770 maris
690 4732 746 4772 cau
759 4731 814 4772 nm
832 4710 861 4771 in
878 4709 1000 4774 duobus
1015 4712 1183 4776 vorticibus
1198 4734 1264 4775 esse
1279 4709 1361 4795 posi·
