3330 5692
188 535 250 593 238
488 525 554 592 DE
577 524 731 592 CAUSA
755 524 960 591 PHYSICA
983 523 1175 592 FLUXUS

186 701 331 787 Cumque
346 701 391 764 vis
407 699 580 788 centrifuga
594 722 635 763 ex
645 712 731 764 motu
742 700 856 764 diurno
871 714 940 766 orta
950 701 990 765 eit
999 698 1099 764 multd
1109 700 1215 762 minor
1225 698 1388 787 grarimte,
1400 697 1469 762 nitus

183 807 244 872 loci
261 808 288 872 F
303 807 355 871 ubi
366 806 526 892 praedictae
534 808 615 871 vires
624 808 827 894 aequipollent
835 809 893 873 sub
903 821 1070 894 aequatore,
1081 808 1157 873 dum
1167 830 1248 896 aque
1259 809 1370 872 tramit
1380 806 1468 871 aloen

181 915 204 978 b
224 915 265 980 ed
285 915 389 980 locum
412 916 453 992 A,
477 915 521 978 sic
537 913 600 978 lere
616 915 740 980 definiri
761 938 854 1002 posse
876 916 1007 981 videtur.
1053 915 1105 980 Ex

181 1021 694 1107 punctoFsithnormalisinB
709 1022 740 1101 b,
758 1023 965 1088 etfzin'I'F.
988 1022 1105 1112 Desig-

181 1145 236 1196 net
259 1132 290 1194 V
313 1154 467 1195 summam
499 1133 613 1195 virium
636 1133 748 1219 quibus
768 1135 823 1199 Sol
838 1148 870 1199 et
886 1134 977 1198 Luna
991 1157 1103 1222 aquarn

182 1244 362 1328 deprimunt
384 1242 417 1305 in
440 1243 531 1306 rectis
555 1242 637 1319 ΤΒ,
655 1242 718 1307 Tb
742 1255 778 1307 ut
797 1241 901 1327 suprd,
922 1257 954 1308 et
973 1245 1020 1307 vis
1042 1240 1104 1329 qud

182 1414 263 1479 aqua
279 1388 398 1453 tollitur
413 1390 445 1451 in
467 1388 573 1452 Ferit
596 1349 662 1414 gv
683 1363 712 1514 Ξ(
738 1350 795 1414 FZ
816 1414 848 1448 =
870 1350 1102 1519 gXxXTFFfi.

186 1568 408 1651 Supponamus
425 1565 452 1628 F
467 1585 534 1628 esse
554 1563 658 1627 locum
673 1586 763 1649 equae
784 1563 839 1627 ubi
861 1564 992 1630 altitudo
1014 1588 1103 1652 aquoe

184 1673 222 1736 fit
236 1672 375 1748 minima,
399 1683 435 1734 ut
456 1669 488 1734 T
504 1670 530 1733 F
552 1668 661 1733 haberi
675 1670 774 1754 possit
787 1693 847 1755 pro
862 1671 1014 1736 semi-axe
1029 1695 1105 1736 con·

179 1781 293 1868 jugato
308 1779 419 1866 ligurae
442 1778 473 1841 A
490 1776 518 1841 Β
534 1800 552 1839 a
566 1777 598 1854 b,
622 1776 743 1841 dicatur
758 1779 894 1865 gravitas
909 1780 942 1842 in
958 1783 1104 1846 extremi-

187 1901 251 1953 tate
265 1887 358 1972 hujus
373 1887 440 1950 axis
457 1885 494 1963 B,
512 1897 542 1949 et
556 1886 691 1972 gravitas
706 1885 871 1950 mediocris
885 1888 919 1950 in
932 1886 992 1952 hac
1003 1889 1104 1978 liguria

191 1998 234 2075 G,
250 2009 286 2061 ut
301 1994 413 2081 suprd3
437 2007 470 2059 et
483 1996 529 2058 vis
545 1991 605 2081 qual
621 2017 702 2081 aqua
715 1994 900 2079 deprimitur
914 1995 995 2061 insra
1009 1998 1103 2063 situm

186 2143 359 2208 naturalem
388 2144 421 2206 in
449 2141 520 2206 1000
550 2141 660 2207 neat
686 2141 779 2206 Β-
802 2143 833 2207 Α
860 2103 1101 2269 ψῩὲᾱΠ.

191 2315 355 2381 Ponantur
368 2315 420 2379 hoe
434 2316 515 2380 vires
534 2313 680 2402 oequales,
691 2303 837 2402 'cumque
860 2317 892 2381 Τ
908 2317 936 2383 F
957 2319 998 2384 sit
1011 2320 1104 2406 quim

188 2461 333 2548 prome
347 2463 475 2552 equus
486 2463 641 2528 usone..
655 2463 687 2539 a,
711 2462 812 2549 seque
828 2463 857 2528 Β
871 2500 915 2514 -
931 2465 964 2530 e
984 2431 1104 2596 ΔΒΕ

905 2738 927 2802 d
1010 2683 1438 2759 ‚seuTF22Ff³::e:1÷

185 2696 244 2761 per
265 2675 602 2762 cor.1>r0p.1v.ern
621 2637 689 2805 {dl
707 2687 740 2751 ÷
758 2677 834 2740 v:
852 2636 1008 2774 {leff

189 2853 209 2935 fi
224 2873 253 2913 :z
270 2857 313 2914 24
330 2873 337 2912 :
357 2858 406 2913 ll.
454 2849 549 2915 Unde
564 2851 696 2938 angulus
713 2851 741 2914 F
756 2850 788 2914 Τ
802 2850 823 2914 b
838 2850 898 2913 erit
911 2850 1067 2937 graduum
1082 2865 1124 2920 42
1140 2861 1331 2926 minutorum
1351 2867 1393 2936 ³7,
1409 2855 1439 2919 ll·

187 2955 332 3041 cidetqne
347 2954 411 3021 lere
431 2956 464 3019 in
485 2970 637 3041 punctum
651 2956 790 3021 medium
805 2956 886 3020 inter
900 2957 922 3020 b
936 2969 969 3021 et
983 2960 1024 3023 A.
1072 2961 1171 3030 Hunc
1185 2968 1261 3033 vend
1275 2968 1442 3034 cucuma

188 3080 370 3129 accuratum
384 3087 448 3129 non
464 3067 677 3150 proponimus.

494 3393 779 3461 PROPOSITIO
802 3397 1177 3467 Vl.—PROBLEMA.

189 3606 307 3670 Motum
334 3611 426 3671 maris
451 3633 489 3673 esc
510 3614 542 3674 vi
556 3613 634 3676 Solis
659 3616 827 3692 oriundum,
853 3625 882 3679 et
905 3629 1012 3681 motum
1042 3622 1177 3684 lunarem
1204 3626 1236 3686 in
1263 3626 1361 3689 orbitd
1384 3610 1474 3708 qud*

229 3713 368 3797 proxime*
382 3719 526 3782 circrdari
541 3722 861 3803 interrumperem,
883 3734 911 3786 et
925 3726 995 3788 hinc
1009 3749 1158 3792 ascensum
1174 3753 1262 3813 aquae
1274 3737 1426 3797 aestimre.

230 3952 430 4018 Astronomis
453 3958 648 4022 notissimum
676 3974 722 4023 est
748 3961 850 4025 Lunae
872 3962 1051 4028 distantiam
1075 3967 1264 4034 mediocrem
1291 3973 1324 4036 in
1343 3945 1494 4062 ⁵5:553„

188 4056 342 4123 minorem
365 4084 432 4126 esse
455 4062 600 4128 distantia
623 4066 773 4131 mediocri
796 4070 828 4131 in
850 4072 1059 4156 quadraturis.
1107 4075 1234 4142 Clariss.
1259 4081 1412 4169 Halleyus
1435 4072 1496 4134 θ’

189 4162 458 4235 observationibus
481 4173 600 4261 colligit
620 4174 799 4240 distantiam
820 4181 957 4263 priorem
980 4207 1048 4248 esse
1069 4185 1109 4249 ad
1130 4190 1336 4271 posteriorem
1359 4207 1393 4258 ut
1411 4167 1495 4259 Wl

187 4270 227 4334 od
243 4279 315 4356 453.
363 4278 534 4343 Newtonus
556 4281 705 4346 methodo
727 4285 861 4370 quddam
884 4288 939 4352 sual
961 4289 1073 4356 harum
1096 4297 1250 4361 rationem
1272 4300 1391 4367 invenit
1408 4295 1495 4366 ff

186 4403 255 4444 eam
271 4392 312 4450 69
335 4386 376 4450 ad
400 4397 460 4456 70:
486 4390 623 4476 Princip.
650 4392 745 4477 Prop.
768 4394 936 4462 XXVIII.
960 4399 1032 4463 Lib.
1057 4401 1121 4466 Ill.
1147 4405 1347 4474 Clarissimus
1368 4403 1494 4475 aucta

187 4487 353 4556 Tractatlu
363 4494 402 4558 de
414 4495 555 4561 Motibus
565 4499 668 4563 Lunae
678 4499 849 4566 secundirm
861 4503 1031 4570 Theoriam
1041 4511 1210 4595 gravitatis,
1224 4515 1257 4577 in
1266 4515 1327 4581 hac
1335 4516 1490 4582 doctrix*

186 4595 304 4679 optime
326 4616 476 4682 versatus,
500 4604 619 4694 colligit
640 4631 709 4671 eam
725 4632 792 4673 esse
806 4613 929 4674 numeri
944 4622 985 4678 69
1009 4615 1050 4679 ad
1072 4625 1133 4695 703
1156 4622 1277 4687 ratione
1293 4647 1357 4689 non
1372 4601 1486 4691 hnbifl

186 4704 378 4773 decrementi
398 4714 558 4799 gravitatis
581 4717 656 4781 dum
679 4719 772 4783 Luna
795 4723 904 4785 transit
918 4746 937 4786 a
953 4727 1085 4812 syzygiis
1107 4727 1148 4791 ad
1167 4731 1385 4816 quadraturas.
1433 4715 1487 4788 s‘

184 4827 289 4879 motus
311 4816 406 4880 maria
427 4840 468 4882 ex
490 4820 520 4884 vi
544 4823 625 4888 Solia
640 4826 791 4891 oriundus
808 4828 920 4915 (qualis
935 4831 1030 4915 supral
1046 4831 1195 4901 delinitur
1212 4837 1309 4925 Prop.
1328 4840 1381 4925 V.)
1403 4839 1486 4908 affl
