3300 5678
173 602 237 661 202
481 586 824 657 PHILOSOPHIAE
846 584 1144 653 NATURALls·
1162 586 1246 667 [Dr
1258 584 1391 650 Μυκη.
1403 588 1482 653 sm.

173 788 272 852 usque
286 765 395 830 orbem
407 763 546 841 Saturni,
570 760 607 848 (h)
623 773 659 827 ut
673 784 714 827 ex
729 762 834 850 quiete
849 760 1044 847 apheliorum
1058 761 1281 847 planetarum
1296 760 1480 825 menifestum

172 889 229 953 est,
244 886 277 939 et
290 874 332 939 ed
346 894 446 960 usque
460 871 570 937 ultima
581 882 773 935 cometarum
786 867 920 955 aphelis,
935 865 1073 931 simodo
1087 866 1231 953 aphelin
1244 866 1308 933 ills
1322 868 1477 955 quiessent

175 983 344 1050 Rationem
365 976 441 1044 verb
461 978 576 1043 hurum
595 978 756 1066 gravitatis
777 977 1005 1062 proprietatum
1018 998 1062 1041 ex
1082 975 1332 1060 phaenomenis
1352 978 1476 1041 nondun

171 1094 262 1181 potui
275 1091 441 1169 deducere,
457 1103 489 1154 et
502 1087 692 1176 hypotheses
705 1109 772 1151 non
785 1088 883 1176 fingo.
917 1086 1081 1173 Quidquid
1094 1086 1193 1151 enim
1208 1108 1257 1151 ex
1273 1086 1474 1172 phrenomenis

172 1225 239 1270 non
259 1201 435 1280 deducitur,
457 1201 627 1286 hypothesis
647 1198 788 1263 vocando
808 1212 878 1275 est3
897 1211 929 1264 et
949 1197 1148 1285 hypotheses
1163 1222 1227 1264 seu
1248 1200 1469 1287 metaphysicis,

173 1334 229 1377 seu
250 1308 401 1396 physice,
425 1330 480 1373 seu
500 1308 686 1395 qualitatum
706 1308 908 1385 occultarum,
924 1328 980 1371 seu
993 1306 1209 1385 mechanicae,
1227 1308 1268 1371 in
1284 1309 1467 1392 philosophia

173 1419 404 1503 experimentali
423 1416 528 1480 locum
548 1438 614 1480 non
633 1416 760 1481 hebent
804 1415 844 1479 In
864 1414 925 1479 hic
943 1413 1149 1500 philosophii
1169 1414 1417 1500 Propositiones
1428 1415 1470 1479 de·

173 1530 331 1594 ducuntur
346 1550 387 1592 ex
407 1526 633 1613 phoenomenis,
655 1539 688 1591 et
705 1525 881 1589 redduntur
894 1522 1056 1613 generales
1069 1544 1133 1609 per
1148 1524 1390 1589 inductionem.
1430 1526 1470 1589 Sit

173 1636 459 1724 impenetrabilitns,
473 1636 640 1715 mobilitas,
656 1649 688 1701 et
701 1636 835 1722 impetus
850 1656 1018 1720 oorporum
1031 1647 1064 1699 et
1083 1634 1180 1723 loges
1195 1651 1355 1701 motuum
1367 1650 1398 1701 et
1410 1658 1470 1725 gm-

173 1748 275 1812 vitntis
296 1748 509 1812 innotuerunt.
556 1746 600 1811 Et
621 1747 695 1811 sutis
715 1745 870 1832 estquod
891 1745 1025 1834 grevitns
1053 1746 1174 1811 reversi
1198 1748 1337 1827 existat,
1360 1762 1391 1813 et
1411 1762 1469 1835 ngat

174 1854 347 1921 secundum
372 1854 457 1943 leges
475 1878 495 1918 a
516 1854 607 1919 nobis
632 1855 799 1941 expositus,
821 1866 853 1918 et
874 1853 916 1918 ed
936 1874 1104 1939 corporum
1129 1855 1324 1922 coelmtium
1343 1870 1374 1921 et
1390 1858 1467 1921 muris

173 1964 272 2028 nostri
284 1974 389 2027 motus
403 1984 511 2027 omnes
528 1962 670 2027 sufficiat

218 2068 365 2154 Adjicere
381 2070 448 2154 jum
469 2070 579 2133 liceret
598 2069 750 2133 nonnulle
771 2068 813 2133 de
834 2069 946 2153 spiritu
960 2068 1096 2157 quodum
1113 2072 1341 2138 subtilissimo
1354 2094 1466 2158 eorpus

175 2202 278 2245 crasso
291 2180 491 2265 pervadente,
514 2190 546 2243 et
566 2180 601 2243 in
621 2178 736 2243 iisdem
749 2178 887 2255 lotente3
911 2180 1000 2264 eujus
1014 2179 1046 2241 vi
1067 2192 1100 2245 et
1115 2182 1313 2249 senonibus
1326 2182 1465 2269 purtimk

175 2310 343 2377 corpomm
356 2288 398 2352 ad
406 2288 550 2353 minimus
564 2288 727 2353 distantias
741 2310 775 2353 se
789 2285 900 2352 mutud
914 2287 1084 2365 attrahunt,
1096 2302 1133 2353 et
1144 2292 1320 2379 contigue
1329 2292 1414 2357 nere
1425 2312 1464 2355 ro·

174 2396 313 2463 haerent:
336 2409 369 2462 et
390 2418 523 2482 oorpom
544 2396 688 2463 electrico
701 2409 800 2485 egunt
813 2394 855 2461 sd
869 2394 1030 2461 munem
1043 2398 1199 2482 majores,
1217 2414 1292 2465 mm
1306 2400 1464 2487 repellendo

175 2505 271 2593 quim
285 2506 472 2573 attrahendo
486 2508 672 2594 oorpuseuln
685 2508 788 2572 vicina
796 2530 806 2584 3
828 2520 861 2571 et
873 2507 930 2571 lux
944 2506 1103 2586 emittitur,
1121 2508 1322 2591 reflectitur,
1344 2512 1463 2599 refringi·

174 2628 236 2694 tur,
252 2618 429 2699 inflectitur,
447 2632 479 2685 et
492 2642 627 2706 corpore
640 2618 797 2695 erlehcit3
819 2632 852 2683 et
865 2619 1002 2684 sensatio
1016 2619 1119 2683 omnis
1135 2622 1320 2702 excitatum,
1343 2638 1374 2689 et
1386 2642 1462 2687 meu

174 2726 675 2794 bremtimuliumadvoluntatem
683 2740 860 2806 moventur,
871 2727 1096 2793 vibrationibus
1106 2729 1240 2796 scilieet
1251 2732 1349 2819 hujus
1358 2732 1462 2817 sphitus

174 2857 233 2919 per
256 2835 356 2899 solido
377 2859 545 2902 nervomnn
566 2837 783 2924 capillamenta
798 2838 839 2902 ab
853 2838 991 2903 externis
1011 2860 1164 2903 sensuum
1188 2846 1330 2930 organis
1343 2844 1463 2909 adcur-

175 2949 273 3013 hrum
294 2964 326 3015 et
348 2976 367 3016 n
389 2953 518 3018 cerebro
539 2952 571 3016 in
592 2952 750 3016 musculos
770 2954 961 3040 propagatis.
1007 2950 1040 3035 (¹)
1064 2950 1131 3017 Sed
1146 2952 1224 3017 haec
1240 2958 1355 3041 paucis
1367 2956 1462 3041 exponi

174 3080 239 3121 non
252 3072 384 3144 possunt
393 3084 402 3136 3
424 3083 527 3147 neque
548 3061 637 3125 adest
659 3060 814 3125 sufficiens
827 3062 919 3146 copis
932 3060 1241 3146 experimentorum,
1267 3066 1380 3152 quibus
1392 3066 1461 3152 leges

175 3167 331 3233 actionum
345 3168 437 3254 hujus
453 3169 582 3254 spiritus
597 3170 741 3235 accurat&
755 3171 956 3236 determinari
971 3187 1002 3237 et
1015 3176 1190 3238 monstrari
1205 3175 1342 3243 dehent
