3330 5692
85 593 396 676 Lmra'l'aarrua]
441 594 683 662 PRINCIPIA
706 596 1078 665 MATHEMATICA.
1331 611 1371 670 tt

82 766 213 831 dratum
228 765 383 830 distantiae
396 765 538 831 looorum
552 790 572 830 a
585 780 693 832 centro
707 767 852 852 planetae
891 768 935 832 Et
947 768 1021 833 inde
1036 790 1226 856 consequens
1241 782 1289 836 est
1303 775 1374 857 (per

86 876 186 961 Prop.
203 875 336 940 LXIX.
359 873 432 940 Lib.
448 874 475 939 1.
491 887 523 939 et
536 876 603 962 ejus
619 875 806 958 Corollaria)
828 877 1012 964 gravitatem
1026 877 1060 940 in
1074 897 1182 942 omnes
1195 878 1373 963 proportio·

83 985 189 1050 nalem
204 1007 274 1049 ease
286 985 428 1048 materiae
441 984 475 1048 in
488 985 609 1051 iisdem.

130 1096 234 1161 Porro
255 1092 329 1160 otim
349 1095 484 1179 planeta*
505 1096 639 1181 cujusvis
662 1095 690 1159 A
713 1107 817 1180 partes
834 1117 944 1160 omnes
967 1117 1077 1184 graves
1091 1095 1153 1160 sint
1169 1095 1202 1158 in
1215 1096 1373 1180 planetam

81 1202 225 1290 quemvis
248 1202 288 1279 B,
311 1215 342 1266 et
362 1202 498 1290 gravitas
518 1203 617 1287 partis
639 1203 789 1289 cujusque
811 1202 851 1266 sit
871 1202 914 1266 ad
927 1204 1112 1290 gravitatem
1126 1203 1233 1280 totius,
1256 1215 1292 1267 ut
1305 1227 1373 1268 ma-

80 1309 163 1375 teria
176 1310 277 1396 partia
291 1310 332 1374 nd
346 1309 509 1374 materiam
523 1311 638 1388 totius3
662 1322 694 1375 et
707 1311 821 1375 actioni
836 1311 923 1403 omni
937 1313 1054 1376 recctio
1068 1315 1139 1398 (per
1151 1310 1256 1377 motbs
1271 1313 1374 1402 legem

80 1421 222 1501 tertiam)
238 1419 367 1505 aequalis
382 1420 441 1497 sit;
455 1419 582 1505 planeta
597 1421 625 1485 B
641 1420 673 1483 in
688 1433 793 1505 partes
808 1442 916 1485 omnes
930 1421 1065 1506 planetoe
1076 1423 1108 1486 A
1123 1422 1256 1487 vicissim
1270 1425 1373 1512 gravi-

80 1526 173 1603 tabit,
190 1537 224 1589 et
238 1526 299 1589 erit
312 1524 447 1612 gravitas
464 1549 521 1590 sua
534 1527 567 1590 in
580 1539 703 1612 partem
718 1549 968 1614 unamquamque
984 1527 1024 1592 ad
1039 1528 1221 1616 gravitatem
1236 1552 1324 1594 suam
1339 1533 1373 1596 in

80 1646 196 1712 totum,
213 1646 249 1699 nt
262 1634 392 1697 materia
405 1634 502 1718 partis
518 1634 559 1697 ad
573 1635 735 1699 materiam
751 1636 855 1698 totius.
901 1634 943 1710 Q.
959 1657 987 1700 e.
1002 1635 1034 1699 d.

130 1744 231 1807 vorot.
249 1751 279 1805 1.
302 1740 414 1806 Oritur
433 1743 539 1830 igitur
550 1755 583 1807 et
602 1742 806 1828 componitur
828 1744 963 1831 gravitas
983 1744 1017 1808 in
1035 1744 1193 1829 planetam
1211 1757 1312 1810 totum
1333 1768 1373 1810 ex

82 1849 238 1937 gravitate
256 1849 292 1912 in
312 1859 420 1935 partes
442 1850 589 1939 singulas.
636 1851 734 1935 Cujus
756 1851 803 1914 rei
826 1852 969 1936 exempla
989 1852 1140 1916 habemus
1160 1853 1197 1938 (⁰)
1212 1852 1245 1915 in
1260 1864 1372 1918 attrac-

83 1957 225 2022 tionibua
237 1957 419 2046 magneticis
435 1968 467 2021 et
481 1957 643 2022 electricia.
690 1957 803 2023 Oritur
814 1959 898 2022 enirn
907 1960 1050 2024 attractio
1064 1960 1165 2024 omnis
1175 1961 1208 2023 in
1216 1971 1316 2025 totum
1333 1982 1373 2025 ex

84 2065 321 2131 munctionibus
335 2066 370 2128 in
383 2078 488 2151 partes
504 2066 651 2155 singulas.
698 2066 737 2151 (⁶)
756 2066 820 2131 Rea
833 2067 1024 2155 intelligetur
1036 2069 1070 2131 in
1084 2068 1244 2156 gravitate,
1269 2068 1373 2133 conci-

81 2175 203 2262 piendo
222 2175 362 2260 planetes
380 2174 487 2259 plures
501 2176 637 2238 minores
651 2175 685 2237 in
699 2196 797 2239 unum
812 2175 942 2263 globum
959 2175 1044 2240 coire
1058 2188 1090 2239 et
1102 2175 1261 2260 planetam
1275 2177 1372 2261 majo-

80 2308 151 2349 rem
170 2306 370 2369 componerc.
416 2283 500 2346 Nam
514 2282 560 2346 ris
575 2283 670 2347 totius
685 2306 729 2347 ex
742 2284 862 2348 viribus
877 2287 1015 2370 partium
1029 2285 1282 2371 componentium
1297 2287 1373 2350 oriri

80 2396 219 2463 debebit.
266 2397 304 2481 (⁸)
329 2393 454 2481 Siquis
475 2394 601 2479 objiciat
623 2393 709 2479 quod
731 2414 865 2478 corpora
886 2397 1001 2475 omnia,
1026 2418 1097 2485 quoe
1117 2394 1201 2481 apud
1214 2417 1273 2460 nos
1289 2407 1371 2475 sunt,

114 2603 151 2668 (‘)
163 2608 178 2635 ⁰
191 2607 225 2655 In
235 2603 410 2651 mannaim
420 2603 554 2664 magneticia
563 2610 585 2650 et
596 2602 712 2657 electi-icit,
744 2608 809 2661 patet
830 2600 951 2650 minimam
971 2617 1066 2667 quaqua
1086 2620 1136 2653 aare
1156 2613 1265 2651 mutuam
1287 2602 1371 2650 hanun

81 2669 123 2717 uhi
141 2680 168 2716 nt
184 2665 316 2729 plurimbnr
332 2664 380 2742 qud
395 2667 472 2728 maius
486 2677 521 2714 eat
534 2667 658 2724 attrahent,
676 2662 712 2723 ed,
745 2679 869 2724 corpomm
886 2668 1045 2715 attractionem
1064 2679 1169 2731 reapectu
1188 2667 1330 2715 attractionis
1346 2666 1372 2714 in

81 2735 174 2780 ceteris
183 2731 288 2793 paribus,
299 2731 541 2792 majorentettractio.
610 2774 613 2780 ,
747 2727 843 2775 Terram
860 2740 940 2777 totam.
976 2731 1014 2779 Sic
1028 2734 1117 2793 sphaera
1134 2734 1213 2780 Terra
1227 2731 1372 2791 homogenaea

115 2796 150 2863 (⁴)
163 2802 176 2829 ⁸
191 2800 238 2846 na
248 2799 386 2858 intelligetur·
396 2798 422 2844 ia
430 2799 548 2858 grunitote.
584 2795 652 2843 Virea
678 2810 715 2841 uer
746 2792 905 2859 diametroque
921 2793 986 2857 pedit
1000 2798 1072 2843 unius
1081 2798 1195 2856 deacripta
1204 2795 1283 2840 miuua
1297 2795 1372 2843 trahet

81 2872 141 2909 anat
151 2872 179 2909 nt
189 2860 288 2908 materia
295 2860 320 2906 in
328 2861 435 2906 omnium
444 2858 571 2907 sarmarum
581 2860 670 2920 corpori
688 2874 716 2904 ua
746 2857 911 2916 corpusculum
935 2856 1006 2920 juxti
1034 2861 1179 2920 superficiem
1205 2872 1272 2904 auam
1299 2856 1371 2918 quim

81 2925 155 2989 atque
169 2923 225 2974 idad
242 2940 290 2972 non
305 2934 429 2972 mutantur
444 2940 499 2971 curn
515 2923 603 2979 formis,
621 2922 715 2983 reperiri
749 2920 822 2967 Terra
830 2919 898 2981 juxti
909 2937 975 2969 auam
986 2923 1011 2969 in
1022 2925 1111 2972 ratione
1121 2924 1226 2971 diametri
1237 2920 1371 2981 spbnraead
1443 2972 1445 2977 ,

81 2991 171 3039 denae
186 2990 212 3038 in
228 2989 363 3051 coeperim·
378 2988 491 3036 universis
506 2987 652 3050 singulisque
665 3000 716 3033 cor-
749 2983 889 3031 diametrum
912 2985 991 3034 Terra
1013 2988 1096 3052 (Prop.
1120 2985 1237 3037 nxxtl.
1259 2985 1312 3033 Lib.
1334 2985 1369 3048 Ι.)

81 3070 169 3117 porum
180 3054 294 3116 partibua
306 3062 330 3101 et
340 3069 390 3102 erae
400 3052 582 3114 proportionales
592 3049 716 3126 quantitati
747 3047 792 3094 hoc
812 3057 848 3096 eat
868 3047 893 3096 in
912 3049 1002 3098 radone
1021 3058 1031 3099 1
1051 3054 1082 3099 ad
1100 3056 1226 3103 89231566
1243 3049 1290 3096 aive
1312 3055 1321 3097 l
1340 3050 1371 3098 ad

81 3120 197 3175 materie,
212 3118 270 3166 hinc
280 3117 315 3165 ria
325 3118 427 3179 corpori·
437 3117 509 3165 totius
520 3131 548 3165 ea
560 3116 648 3163 viribus
663 3130 714 3175 par·
748 3117 877 3162 40000000
891 3113 987 3172 circiter,
1003 3131 1057 3180 qun
1072 3118 1163 3169 &nabla
1177 3116 1212 3162 via
1226 3113 1306 3162 anari
1322 3129 1370 3163 non

81 3184 145 3232 tium
165 3182 358 3243 coanponentium
379 3181 434 3230 oriri
455 3180 554 3229 debebit.
590 3180 616 3227 si
637 3180 714 3242 itaque
746 3185 829 3236 potest

82 3243 712 3374 fffflntatn'lttfflttit
746 3241 1370 3374 elleil‘tllssllffil‘fflllsslssffi

80 3388 183 3440 ment
194 3375 284 3438 cinguli
294 3390 344 3423 uae
354 3371 439 3422 mutui
450 3374 548 3429 trahere,
560 3383 584 3420 et
596 3371 714 3420 vic-aversi

82 3441 104 3490 ai
118 3456 206 3501 apua
215 3439 284 3489 Joria
294 3439 447 3487 roaolraretur
456 3438 483 3484 in
492 3437 575 3500 globo·
584 3436 671 3498 plures,
687 3436 713 3483 hi

80 3520 179 3568 φαμι
193 3503 267 3568 globi,
283 3501 412 3551 ntellitum
421 3503 501 3558 inan.
512 3497 656 3550 acaemntud
667 3510 713 3548 tra·

80 3570 174 3618 henr.

113 3638 156 3683 67.
177 3631 251 3681 Glcbi
266 3631 382 3696 cujuaqua
397 3630 433 3679 ria
441 3629 548 3678 absoluta
557 3639 593 3678 eat
602 3639 630 3677 ut
640 3644 713 3692 quan-

81 3694 478 3759 titumatarinineodemglobm
494 3695 713 3742 visauternrnotrix

80 3761 133 3825 qni
147 3761 234 3826 glabra
249 3759 411 3824 unusquiaque
421 3759 520 3807 trahitur
529 3759 555 3806 in
566 3759 673 3815 altarum,
690 3768 714 3805 et
1065 3783 1094 3831 Β

81 3841 139 3889 qno
154 3824 265 3886 noadaia
280 3825 375 3872 nomine
388 3822 461 3887 vulgo
477 3822 619 3887 designatur,
636 3832 672 3871 eat
686 3833 714 3870 ut

81 3902 222 3938 maenum
238 3890 284 3936 aub
298 3888 466 3951 quantitatibua
477 3888 581 3935 materia
595 3886 621 3934 in
638 3887 714 3949 globis

83 3953 180 4003 duabu
191 3953 336 4014 applioetmn
351 3951 382 3999 ad
394 3951 534 4016 quadratum
545 3951 662 3999 distantia
677 3951 712 3997 in.

82 4029 121 4067 ter
130 4029 211 4067 catana
222 4023 275 4081 (per
286 4017 342 4066 Cor·
354 4023 377 4064 ⁴.
389 4016 460 4078 Prop.
475 4015 600 4064 Lxxvn
615 4015 668 4062 Lib
681 4015 713 4076 Ι.)

83 4080 568 4144 atbuicriprcpcrtionaliaestquantitaa
578 4077 657 4126 muns
682 4077 715 4126 ui

83 4147 172 4211 ‘lma
185 4156 286 4257 uteret?
299 4145 355 4193 dato
364 4155 468 4206 tempora
478 4144 609 4192 morabitur
620 4143 645 4189 in
679 4152 714 4190 ta.
856 4161 890 4209 Μ
1192 4161 1223 4211 R

83 4226 140 4260 m
160 4210 231 4277 (Des.
271 4210 324 4258 Ill.
338 4209 392 4258 Lib.
408 4210 442 4272 1.)
460 4209 495 4256 ria
506 4220 585 4257 autem
601 4207 714 4255 aecelem·

83 4276 188 4340 trixqui
198 4274 285 4340 ‘labne
295 4273 454 4337 unuaquiaque
465 4288 507 4335 pro
515 4271 713 4322 rationemateriar

83 4356 139 4406 «μ
154 4340 280 4389 amantur
295 4339 320 4386 in
332 4339 432 4387 alterum
446 4348 481 4386 eat
497 4348 525 4386 ut
552 4337 713 4386 uantitaama-

87 4532 218 4583 rxxvr.
236 4482 665 4594 mrmml'iifflom
678 4498 715 4576 ai
1017 4493 1052 4547 Π

86 4595 255 4661 venatuque
266 4595 353 4658 globus
362 4597 652 4655 mundatore-pore
662 4608 714 4642 mo·
1043 4651 1049 4664 .

87 4661 326 4712 ammaum
338 4660 407 4724 (Des.
423 4659 485 4708 VII.
501 4659 554 4707 Lib.
570 4659 613 4720 1.).
648 4658 715 4705 Hinc
748 4655 844 4705 effectur
853 4650 989 4714 producent.
1024 4651 1060 4702 ta
1077 4653 1142 4702 enim
1159 4654 1225 4705 ΕΜ
1237 4659 1263 4707 Ν
1273 4660 1297 4709 ll
1315 4661 1371 4709 Tel.

88 4741 213 4789 comem
225 4725 356 4774 Qum
368 4733 447 4772 motata
461 4725 522 4771 inter
534 4738 559 4770 ae
573 4734 671 4784 pomum
682 4721 716 4769 la-
748 4721 793 4776 lua
804 4719 872 4780 cujus
881 4725 987 4764 eentrum
997 4716 1026 4775 c,
1037 4733 1111 4781 eaque
1121 4731 1221 4780 ponatm
1230 4725 1372 4784 epham

87 4792 131 4840 dia
140 4789 301 4841 dominari
338 4789 403 4844 Quia
412 4785 468 4836 rard
477 4798 583 4847 reapaem
593 4789 672 4835 Terrae
682 4796 717 4834 to-
749 4787 901 4845 homogenea
946 4781 982 4830 Sit
1002 4797 1086 4857 cornua
1107 4784 1248 4848 ubicumque
1269 4788 1327 4849 puri
1345 4790 1371 4836 iu

88 4857 135 4905 tina
152 4855 241 4922 aaigna
259 4852 390 4904 admodum
409 4862 466 4903 aaut
483 4866 579 4913 corpora
596 4850 717 4939 terrum,
751 4848 803 4897 loco
815 4848 845 4904 B,
862 4844 1029 4895 mblatoomm
1044 4846 1260 4909 impedium&
1272 4853 1373 4903 Tenum

707 4931 757 4982 Εὖ
