<?xml version="1.0" encoding="UTF-8"?>
<!DOCTYPE html PUBLIC "-//W3C//DTD XHTML 1.0 Transitional//EN"
    "http://www.w3.org/TR/xhtml1/DTD/xhtml1-transitional.dtd">
<html xmlns="http://www.w3.org/1999/xhtml" xml:lang="en" lang="en">
 <head>
  <title>
</title>
<meta http-equiv="Content-Type" content="text/html;charset=utf-8" />
  <meta name='ocr-system' content='tesseract 3.04.00' />
  <meta name='ocr-capabilities' content='ocr_page ocr_carea ocr_par ocr_line ocrx_word'/>
</head>
<body>
  <div class='ocr_page' id='page_1' title='image "./philosophiaenat01newtgoog_0562.png"; bbox 0 0 3300 5678; ppageno 0'>
   <div class='ocr_carea' id='block_1_1' title="bbox 320 492 1619 591">
    <p class='ocr_par' dir='ltr' id='par_1_1' title="bbox 320 492 1619 591">
     <span class='ocr_line' id='line_1_1' title="bbox 320 492 1619 591; baseline 0.005 -14"><span class='ocrx_word' id='word_1_1' title='bbox 320 520 380 582; x_wconf 74' lang='lat' dir='ltr'><strong>nr</strong></span> <span class='ocrx_word' id='word_1_2' title='bbox 637 492 977 576; x_wconf 78' lang='lat' dir='ltr'><strong>Pnrrosornrm</strong></span> <span class='ocrx_word' id='word_1_3' title='bbox 999 507 1290 576; x_wconf 77' lang='lat' dir='ltr'><strong>narunanrs</strong></span> <span class='ocrx_word' id='word_1_4' title='bbox 1316 512 1619 591; x_wconf 55' lang='lat' dir='ltr'><strong>[nunninae</strong></span> 
     </span>
    </p>
   </div>
   <div class='ocr_carea' id='block_1_2' title="bbox 307 665 1618 4926">
    <p class='ocr_par' dir='ltr' id='par_1_2' title="bbox 307 665 1618 4926">
     <span class='ocr_line' id='line_1_2' title="bbox 320 665 1618 770; baseline 0.006 -23"><span class='ocrx_word' id='word_1_5' title='bbox 320 684 524 770; x_wconf 90' lang='lat' dir='ltr'><strong>superiorem,</strong></span> <span class='ocrx_word' id='word_1_6' title='bbox 547 665 681 768; x_wconf 75' lang='lat' dir='ltr'><strong>ffledque</strong></span> <span class='ocrx_word' id='word_1_7' title='bbox 701 682 841 746; x_wconf 89' lang='lat' dir='ltr'><strong>medium</strong></span> <span class='ocrx_word' id='word_1_8' title='bbox 861 683 928 767; x_wconf 86' lang='lat' dir='ltr'><strong>ejus</strong></span> <span class='ocrx_word' id='word_1_9' title='bbox 949 681 1083 751; x_wconf 87' lang='lat' dir='ltr'><strong>distabat</strong></span> <span class='ocrx_word' id='word_1_10' title='bbox 1104 707 1125 748; x_wconf 88' lang='lat' dir='ltr'><strong>a</strong></span> <span class='ocrx_word' id='word_1_11' title='bbox 1145 683 1243 750; x_wconf 82' lang='lat' dir='ltr'><strong>stellri</strong></span> <span class='ocrx_word' id='word_1_12' title='bbox 1267 683 1333 749; x_wconf 77' lang='lat' dir='ltr'><strong>illt</strong></span> <span class='ocrx_word' id='word_1_13' title='bbox 1350 692 1412 750; x_wconf 74' lang='lat'><strong>2⁸¹.</strong></span> <span class='ocrx_word' id='word_1_14' title='bbox 1431 689 1494 753; x_wconf 83' lang='lat'><strong>15&#39;.</strong></span> <span class='ocrx_word' id='word_1_15' title='bbox 1507 703 1618 755; x_wconf 79' lang='lat' dir='ltr'><strong>auson</strong></span> 
     </span>
     <span class='ocr_line' id='line_1_3' title="bbox 317 789 1616 872; baseline 0.005 -17"><span class='ocrx_word' id='word_1_16' title='bbox 317 813 435 867; x_wconf 90' lang='lat' dir='ltr'><strong>versus,</strong></span> <span class='ocrx_word' id='word_1_17' title='bbox 460 803 491 853; x_wconf 90' lang='lat' dir='ltr'><strong>et</strong></span> <span class='ocrx_word' id='word_1_18' title='bbox 512 789 662 852; x_wconf 90' lang='lat' dir='ltr'><strong>terminus</strong></span> <span class='ocrx_word' id='word_1_19' title='bbox 685 789 826 872; x_wconf 83' lang='lat' dir='ltr'>superior</span> <span class='ocrx_word' id='word_1_20' title='bbox 847 789 913 853; x_wconf 84' lang='lat' dir='ltr'><strong>erat</strong></span> <span class='ocrx_word' id='word_1_21' title='bbox 934 789 967 852; x_wconf 92' lang='lat' dir='ltr'><strong>in</strong></span> <span class='ocrx_word' id='word_1_22' title='bbox 985 799 1012 854; x_wconf 77' lang='lat' dir='ltr'><strong>&gt;t</strong></span> <span class='ocrx_word' id='word_1_23' title='bbox 1031 796 1104 854; x_wconf 55' lang='lat'><strong>22⁸2</strong></span> <span class='ocrx_word' id='word_1_24' title='bbox 1121 813 1198 856; x_wconf 90' lang='lat' dir='ltr'><strong>cum</strong></span> <span class='ocrx_word' id='word_1_25' title='bbox 1222 792 1412 858; x_wconf 90' lang='lat' dir='ltr'><strong>latitudine</strong></span> <span class='ocrx_word' id='word_1_26' title='bbox 1433 794 1550 860; x_wconf 86' lang='lat' dir='ltr'><strong>boreali</strong></span> <span class='ocrx_word' id='word_1_27' title='bbox 1564 807 1616 863; x_wconf 78' lang='lat'>61¹.</span> 
     </span>
     <span class='ocr_line' id='line_1_4' title="bbox 321 895 1615 991; baseline 0.005 -30"><span class='ocrx_word' id='word_1_28' title='bbox 321 900 365 964; x_wconf 86' lang='lat' dir='ltr'><strong>Et</strong></span> <span class='ocrx_word' id='word_1_29' title='bbox 388 898 462 961; x_wconf 93' lang='lat' dir='ltr'><strong>hinc</strong></span> <span class='ocrx_word' id='word_1_30' title='bbox 484 897 578 984; x_wconf 88' lang='lat' dir='ltr'><strong>longa</strong></span> <span class='ocrx_word' id='word_1_31' title='bbox 593 908 659 959; x_wconf 88' lang='lat' dir='ltr'><strong>erat</strong></span> <span class='ocrx_word' id='word_1_32' title='bbox 681 895 781 960; x_wconf 89' lang='lat' dir='ltr'><strong>cauda</strong></span> <span class='ocrx_word' id='word_1_33' title='bbox 802 904 875 967; x_wconf 75' lang='lat'>70⁸¹.</span> <span class='ocrx_word' id='word_1_34' title='bbox 891 896 1021 962; x_wconf 82' lang='lat' dir='ltr'>circiter.</span> <span class='ocrx_word' id='word_1_35' title='bbox 1066 897 1147 964; x_wconf 91' lang='lat' dir='ltr'><strong>Dec.</strong></span> <span class='ocrx_word' id='word_1_36' title='bbox 1165 906 1223 963; x_wconf 77' lang='lat'><strong>21.</strong></span> <span class='ocrx_word' id='word_1_37' title='bbox 1248 899 1381 964; x_wconf 85' lang='lat' dir='ltr'><strong>eadem</strong></span> <span class='ocrx_word' id='word_1_38' title='bbox 1406 903 1553 991; x_wconf 77' lang='lat' dir='ltr'><strong>surgebat</strong></span> <span class='ocrx_word' id='word_1_39' title='bbox 1571 906 1615 972; x_wconf 74' lang='lat' dir='ltr'><strong>lere</strong></span> 
     </span>
     <span class='ocr_line' id='line_1_5' title="bbox 318 1008 1613 1094; baseline 0.005 -19"><span class='ocrx_word' id='word_1_40' title='bbox 318 1012 358 1075; x_wconf 92' lang='lat' dir='ltr'><strong>ad</strong></span> <span class='ocrx_word' id='word_1_41' title='bbox 373 1010 554 1074; x_wconf 84' lang='lat' dir='ltr'><strong>cathedram</strong></span> <span class='ocrx_word' id='word_1_42' title='bbox 571 1008 769 1092; x_wconf 86' lang='lat' dir='ltr'><strong>Cassiopeiae‚</strong></span> <span class='ocrx_word' id='word_1_43' title='bbox 791 1008 953 1094; x_wconf 83' lang='lat' dir='ltr'><strong>aequaliter</strong></span> <span class='ocrx_word' id='word_1_44' title='bbox 972 1009 1088 1074; x_wconf 79' lang='lat' dir='ltr'><strong>distans</strong></span> <span class='ocrx_word' id='word_1_45' title='bbox 1103 1033 1122 1073; x_wconf 88' lang='lat' dir='ltr'><strong>a</strong></span> <span class='ocrx_word' id='word_1_46' title='bbox 1135 1011 1157 1085; x_wconf 86' lang='grc' dir='ltr'><strong><em>β</em></strong></span> <span class='ocrx_word' id='word_1_47' title='bbox 1172 1024 1209 1074; x_wconf 90' lang='lat' dir='ltr'><strong>et</strong></span> <span class='ocrx_word' id='word_1_48' title='bbox 1226 1010 1394 1091; x_wconf 82' lang='lat' dir='ltr'><strong>Schcdir,</strong></span> <span class='ocrx_word' id='word_1_49' title='bbox 1419 1028 1454 1079; x_wconf 84' lang='lat' dir='ltr'><strong>et</strong></span> <span class='ocrx_word' id='word_1_50' title='bbox 1468 1014 1613 1081; x_wconf 67' lang='lat' dir='ltr'><strong>omnum</strong></span> 
     </span>
     <span class='ocr_line' id='line_1_6' title="bbox 318 1116 1613 1208; baseline 0.005 -27"><span class='ocrx_word' id='word_1_51' title='bbox 318 1118 357 1181; x_wconf 89' lang='lat' dir='ltr'><strong>ab</strong></span> <span class='ocrx_word' id='word_1_52' title='bbox 372 1118 505 1203; x_wconf 68' lang='lat' dir='ltr'><strong>utrique</strong></span> <span class='ocrx_word' id='word_1_53' title='bbox 519 1116 674 1180; x_wconf 76' lang='lat' dir='ltr'><strong>distantiae</strong></span> <span class='ocrx_word' id='word_1_54' title='bbox 689 1128 796 1179; x_wconf 87' lang='lat' dir='ltr'><strong>earum</strong></span> <span class='ocrx_word' id='word_1_55' title='bbox 810 1116 849 1179; x_wconf 87' lang='lat' dir='ltr'><strong>ab</strong></span> <span class='ocrx_word' id='word_1_56' title='bbox 864 1116 997 1180; x_wconf 92' lang='lat' dir='ltr'><strong>invicem</strong></span> <span class='ocrx_word' id='word_1_57' title='bbox 1011 1117 1163 1203; x_wconf 84' lang='lat' dir='ltr'><strong>aequalern</strong></span> <span class='ocrx_word' id='word_1_58' title='bbox 1179 1117 1332 1198; x_wconf 85' lang='lat' dir='ltr'><strong>babens,</strong></span> <span class='ocrx_word' id='word_1_59' title='bbox 1343 1120 1490 1208; x_wconf 75' lang='lat' dir='ltr'><strong>ideoque</strong></span> <span class='ocrx_word' id='word_1_60' title='bbox 1499 1124 1613 1188; x_wconf 61' lang='grc'><strong>(101000</strong></span> 
     </span>
     <span class='ocr_line' id='line_1_7' title="bbox 319 1223 1609 1316; baseline 0.007 -27"><span class='ocrx_word' id='word_1_61' title='bbox 319 1227 351 1289; x_wconf 91' lang='lat' dir='ltr'><strong>in</strong></span> <span class='ocrx_word' id='word_1_62' title='bbox 366 1237 397 1285; x_wconf 76' lang='lat' dir='ltr'><strong>‘r</strong></span> <span class='ocrx_word' id='word_1_63' title='bbox 414 1234 489 1289; x_wconf 74' lang='lat'><strong>24⁸¹.</strong></span> <span class='ocrx_word' id='word_1_64' title='bbox 506 1247 577 1288; x_wconf 89' lang='lat' dir='ltr'><strong>curn</strong></span> <span class='ocrx_word' id='word_1_65' title='bbox 600 1223 764 1287; x_wconf 89' lang='lat' dir='ltr'><strong>latitudine</strong></span> <span class='ocrx_word' id='word_1_66' title='bbox 786 1228 882 1304; x_wconf 57' lang='lat'><strong>473⁸*-</strong></span> <span class='ocrx_word' id='word_1_67' title='bbox 937 1225 1016 1289; x_wconf 88' lang='lat' dir='ltr'><strong>Dec.</strong></span> <span class='ocrx_word' id='word_1_68' title='bbox 1032 1233 1084 1290; x_wconf 77' lang='grc'><strong>39.</strong></span> <span class='ocrx_word' id='word_1_69' title='bbox 1107 1225 1214 1291; x_wconf 90' lang='lat' dir='ltr'><strong>cauda</strong></span> <span class='ocrx_word' id='word_1_70' title='bbox 1229 1229 1405 1316; x_wconf 82' lang='lat' dir='ltr'><strong>tangebat</strong></span> <span class='ocrx_word' id='word_1_71' title='bbox 1422 1230 1534 1297; x_wconf 76' lang='lat' dir='ltr'><strong>Scheut</strong></span> <span class='ocrx_word' id='word_1_72' title='bbox 1544 1233 1609 1297; x_wconf 45' lang='lat' dir='ltr'><strong>im</strong></span> 
     </span>
     <span class='ocr_line' id='line_1_8' title="bbox 319 1335 1607 1422; baseline 0.004 -19"><span class='ocrx_word' id='word_1_73' title='bbox 319 1340 358 1403; x_wconf 85' lang='lat' dir='ltr'><strong>ad</strong></span> <span class='ocrx_word' id='word_1_74' title='bbox 374 1339 539 1414; x_wconf 79' lang='lat' dir='ltr'><strong>sinistram,</strong></span> <span class='ocrx_word' id='word_1_75' title='bbox 552 1349 583 1401; x_wconf 90' lang='lat' dir='ltr'><strong>et</strong></span> <span class='ocrx_word' id='word_1_76' title='bbox 597 1335 795 1400; x_wconf 87' lang='lat' dir='ltr'><strong>intervallum</strong></span> <span class='ocrx_word' id='word_1_77' title='bbox 810 1336 967 1400; x_wconf 85' lang='lat' dir='ltr'><strong>stellarum</strong></span> <span class='ocrx_word' id='word_1_78' title='bbox 979 1336 1110 1401; x_wconf 88' lang='lat' dir='ltr'><strong>duarum</strong></span> <span class='ocrx_word' id='word_1_79' title='bbox 1123 1337 1157 1403; x_wconf 88' lang='lat' dir='ltr'><strong>in</strong></span> <span class='ocrx_word' id='word_1_80' title='bbox 1168 1338 1260 1422; x_wconf 89' lang='lat' dir='ltr'><strong>pede</strong></span> <span class='ocrx_word' id='word_1_81' title='bbox 1273 1340 1416 1406; x_wconf 85' lang='lat' dir='ltr'><strong>boreali</strong></span> <span class='ocrx_word' id='word_1_82' title='bbox 1428 1343 1607 1407; x_wconf 72' lang='lat' dir='ltr'>Andromede</span> 
     </span>
     <span class='ocr_line' id='line_1_9' title="bbox 318 1441 1604 1531; baseline 0.005 -22"><span class='ocrx_word' id='word_1_83' title='bbox 318 1445 460 1512; x_wconf 74' lang='lat' dir='ltr'><strong>accurate</strong></span> <span class='ocrx_word' id='word_1_84' title='bbox 476 1444 661 1528; x_wconf 81' lang='lat' dir='ltr'>complebat,</span> <span class='ocrx_word' id='word_1_85' title='bbox 677 1456 709 1508; x_wconf 93' lang='lat' dir='ltr'><strong>et</strong></span> <span class='ocrx_word' id='word_1_86' title='bbox 722 1444 817 1531; x_wconf 86' lang='lat' dir='ltr'><strong>longa</strong></span> <span class='ocrx_word' id='word_1_87' title='bbox 832 1456 898 1507; x_wconf 90' lang='lat' dir='ltr'><strong>erat</strong></span> <span class='ocrx_word' id='word_1_88' title='bbox 913 1451 996 1521; x_wconf 57' lang='lat'><strong>54³3</strong></span> <span class='ocrx_word' id='word_1_89' title='bbox 1019 1444 1151 1531; x_wconf 70' lang='lat' dir='ltr'><strong>ideaque</strong></span> <span class='ocrx_word' id='word_1_90' title='bbox 1166 1441 1356 1513; x_wconf 71' lang='lat' dir='ltr'><strong>desinebat</strong></span> <span class='ocrx_word' id='word_1_91' title='bbox 1372 1451 1411 1514; x_wconf 92' lang='lat' dir='ltr'><strong>in</strong></span> <span class='ocrx_word' id='word_1_92' title='bbox 1435 1461 1457 1514; x_wconf 78' lang='grc' dir='ltr'>δ</span> <span class='ocrx_word' id='word_1_93' title='bbox 1480 1459 1540 1518; x_wconf 62' lang='lat'><strong>19³.</strong></span> <span class='ocrx_word' id='word_1_94' title='bbox 1552 1475 1604 1516; x_wconf 84' lang='lat' dir='ltr'><strong>oum</strong></span> 
     </span>
     <span class='ocr_line' id='line_1_10' title="bbox 318 1553 1603 1642; baseline 0.008 -25"><span class='ocrx_word' id='word_1_95' title='bbox 318 1554 481 1620; x_wconf 90' lang='lat' dir='ltr'><strong>latitudine</strong></span> <span class='ocrx_word' id='word_1_96' title='bbox 505 1561 578 1619; x_wconf 75' lang='lat'><strong>35⁸¹.</strong></span> <span class='ocrx_word' id='word_1_97' title='bbox 633 1553 703 1617; x_wconf 86' lang='lat' dir='ltr'><strong>Jan.</strong></span> <span class='ocrx_word' id='word_1_98' title='bbox 720 1561 749 1617; x_wconf 85' lang='lat'><strong>5.</strong></span> <span class='ocrx_word' id='word_1_99' title='bbox 772 1553 871 1617; x_wconf 89' lang='lat' dir='ltr'><strong>cauda</strong></span> <span class='ocrx_word' id='word_1_100' title='bbox 892 1553 992 1641; x_wconf 83' lang='lat' dir='ltr'><strong>tetigit</strong></span> <span class='ocrx_word' id='word_1_101' title='bbox 1013 1553 1132 1618; x_wconf 85' lang='lat' dir='ltr'><strong>stellam</strong></span> <span class='ocrx_word' id='word_1_102' title='bbox 1151 1579 1174 1616; x_wconf 73' lang='lat' dir='ltr'><strong>a</strong></span> <span class='ocrx_word' id='word_1_103' title='bbox 1196 1556 1233 1620; x_wconf 91' lang='lat' dir='ltr'><strong>in</strong></span> <span class='ocrx_word' id='word_1_104' title='bbox 1256 1572 1409 1642; x_wconf 86' lang='lat' dir='ltr'>pectore</span> <span class='ocrx_word' id='word_1_105' title='bbox 1425 1562 1603 1627; x_wconf 67' lang='lat' dir='ltr'><strong>Andromach</strong></span> 
     </span>
     <span class='ocr_line' id='line_1_11' title="bbox 318 1661 1602 1752; baseline 0.005 -24"><span class='ocrx_word' id='word_1_106' title='bbox 318 1663 456 1728; x_wconf 89' lang='lat' dir='ltr'><strong>adlatus</strong></span> <span class='ocrx_word' id='word_1_107' title='bbox 471 1664 537 1748; x_wconf 90' lang='lat' dir='ltr'><strong>ejus</strong></span> <span class='ocrx_word' id='word_1_108' title='bbox 552 1662 709 1739; x_wconf 90' lang='lat' dir='ltr'><strong>dextrum,</strong></span> <span class='ocrx_word' id='word_1_109' title='bbox 732 1673 764 1725; x_wconf 93' lang='lat' dir='ltr'><strong>et</strong></span> <span class='ocrx_word' id='word_1_110' title='bbox 778 1661 897 1726; x_wconf 88' lang='lat' dir='ltr'><strong>stellam</strong></span> <span class='ocrx_word' id='word_1_111' title='bbox 918 1663 987 1737; x_wconf 71' lang='lat' dir='ltr'><strong>nin</strong></span> <span class='ocrx_word' id='word_1_112' title='bbox 1001 1663 1066 1747; x_wconf 89' lang='lat' dir='ltr'><strong>ejus</strong></span> <span class='ocrx_word' id='word_1_113' title='bbox 1080 1663 1211 1752; x_wconf 80' lang='lat' dir='ltr'><strong>cingulo</strong></span> <span class='ocrx_word' id='word_1_114' title='bbox 1227 1665 1390 1734; x_wconf 73' lang='lat' dir='ltr'><strong>ad&#39;latus</strong></span> <span class='ocrx_word' id='word_1_115' title='bbox 1406 1671 1602 1746; x_wconf 68' lang='lat' dir='ltr'><strong>sinimomc</strong></span> 
     </span>
     <span class='ocr_line' id='line_1_12' title="bbox 319 1770 1601 1858; baseline 0.006 -22"><span class='ocrx_word' id='word_1_116' title='bbox 319 1773 428 1857; x_wconf 84' lang='lat' dir='ltr'><strong>(juxta</strong></span> <span class='ocrx_word' id='word_1_117' title='bbox 448 1771 677 1836; x_wconf 89' lang='lat' dir='ltr'><strong>observationes</strong></span> <span class='ocrx_word' id='word_1_118' title='bbox 699 1771 834 1851; x_wconf 86' lang='lat' dir='ltr'><strong>nostras)</strong></span> <span class='ocrx_word' id='word_1_119' title='bbox 857 1770 953 1858; x_wconf 83' lang='lat' dir='ltr'><strong>longa</strong></span> <span class='ocrx_word' id='word_1_120' title='bbox 973 1783 1039 1834; x_wconf 89' lang='lat' dir='ltr'><strong>erat</strong></span> <span class='ocrx_word' id='word_1_121' title='bbox 1060 1779 1127 1836; x_wconf 75' lang='lat'><strong>40¹¹</strong></span> <span class='ocrx_word' id='word_1_122' title='bbox 1135 1796 1144 1848; x_wconf 87' lang='lat'><strong>;</strong></span> <span class='ocrx_word' id='word_1_123' title='bbox 1167 1795 1276 1839; x_wconf 87' lang='lat' dir='ltr'><strong>curva</strong></span> <span class='ocrx_word' id='word_1_124' title='bbox 1299 1791 1422 1843; x_wconf 85' lang='lat' dir='ltr'><strong>autern</strong></span> <span class='ocrx_word' id='word_1_125' title='bbox 1436 1794 1502 1846; x_wconf 88' lang='lat' dir='ltr'><strong>erat</strong></span> <span class='ocrx_word' id='word_1_126' title='bbox 1513 1793 1541 1845; x_wconf 85' lang='lat' dir='ltr'><strong>et</strong></span> <span class='ocrx_word' id='word_1_127' title='bbox 1551 1801 1601 1844; x_wconf 75' lang='lat' dir='ltr'><strong>aa</strong></span> 
     </span>
     <span class='ocr_line' id='line_1_13' title="bbox 316 1879 1601 1974; baseline 0.009 -30"><span class='ocrx_word' id='word_1_128' title='bbox 316 1904 398 1946; x_wconf 88' lang='lat' dir='ltr'><strong>vexo</strong></span> <span class='ocrx_word' id='word_1_129' title='bbox 422 1882 519 1946; x_wconf 87' lang='lat' dir='ltr'><strong>latere</strong></span> <span class='ocrx_word' id='word_1_130' title='bbox 542 1879 702 1965; x_wconf 76' lang='lat' dir='ltr'><strong>spectabat</strong></span> <span class='ocrx_word' id='word_1_131' title='bbox 726 1879 768 1944; x_wconf 82' lang='lat' dir='ltr'><strong>ad</strong></span> <span class='ocrx_word' id='word_1_132' title='bbox 793 1891 943 1944; x_wconf 84' lang='lat' dir='ltr'><strong>austrum.</strong></span> <span class='ocrx_word' id='word_1_133' title='bbox 989 1880 1070 1944; x_wconf 91' lang='lat' dir='ltr'><strong>Cum</strong></span> <span class='ocrx_word' id='word_1_134' title='bbox 1095 1881 1218 1947; x_wconf 90' lang='lat' dir='ltr'><strong>circulo</strong></span> <span class='ocrx_word' id='word_1_135' title='bbox 1243 1907 1316 1970; x_wconf 87' lang='lat' dir='ltr'><strong>per</strong></span> <span class='ocrx_word' id='word_1_136' title='bbox 1345 1888 1461 1954; x_wconf 88' lang='lat' dir='ltr'><strong>Solem</strong></span> <span class='ocrx_word' id='word_1_137' title='bbox 1483 1904 1512 1954; x_wconf 88' lang='lat' dir='ltr'><strong>et</strong></span> <span class='ocrx_word' id='word_1_138' title='bbox 1534 1902 1601 1974; x_wconf 60' lang='lat' dir='ltr'><strong>capt</strong></span> 
     </span>
     <span class='ocr_line' id='line_1_14' title="bbox 317 1986 1600 2080; baseline 0.005 -28"><span class='ocrx_word' id='word_1_139' title='bbox 317 2002 446 2053; x_wconf 84' lang='lat' dir='ltr'><strong>cometae</strong></span> <span class='ocrx_word' id='word_1_140' title='bbox 460 1999 640 2053; x_wconf 83' lang='lat' dir='ltr'><strong>transeunte</strong></span> <span class='ocrx_word' id='word_1_141' title='bbox 655 1986 805 2073; x_wconf 81' lang='lat' dir='ltr'><strong>angulum</strong></span> <span class='ocrx_word' id='word_1_142' title='bbox 820 1986 953 2051; x_wconf 85' lang='lat' dir='ltr'><strong>confecit</strong></span> <span class='ocrx_word' id='word_1_143' title='bbox 965 1986 1120 2075; x_wconf 81' lang='lat' dir='ltr'><strong>graduum</strong></span> <span class='ocrx_word' id='word_1_144' title='bbox 1134 1997 1164 2053; x_wconf 81' lang='grc'><strong>1.</strong></span> <span class='ocrx_word' id='word_1_145' title='bbox 1183 1991 1290 2075; x_wconf 85' lang='lat' dir='ltr'><strong>juxta</strong></span> <span class='ocrx_word' id='word_1_146' title='bbox 1308 2008 1418 2080; x_wconf 89' lang='lat' dir='ltr'><strong>caput</strong></span> <span class='ocrx_word' id='word_1_147' title='bbox 1432 2011 1565 2073; x_wconf 61' lang='lat' dir='ltr'><strong>comem</strong></span> <span class='ocrx_word' id='word_1_148' title='bbox 1578 2014 1600 2059; x_wconf 80' lang='lat' dir='ltr'><strong>a</strong></span> 
     </span>
     <span class='ocr_line' id='line_1_15' title="bbox 311 2092 1599 2193; baseline 0.009 -34"><span class='ocrx_word' id='word_1_149' title='bbox 311 2096 404 2180; x_wconf 86' lang='lat' dir='ltr'><strong>juxta</strong></span> <span class='ocrx_word' id='word_1_150' title='bbox 425 2095 592 2158; x_wconf 90' lang='lat' dir='ltr'><strong>terminum</strong></span> <span class='ocrx_word' id='word_1_151' title='bbox 606 2092 738 2157; x_wconf 88' lang='lat' dir='ltr'><strong>alterum</strong></span> <span class='ocrx_word' id='word_1_152' title='bbox 760 2093 968 2162; x_wconf 78' lang='lat' dir='ltr'><strong>inclinabatur</strong></span> <span class='ocrx_word' id='word_1_153' title='bbox 982 2095 1023 2159; x_wconf 90' lang='lat' dir='ltr'><strong>ad</strong></span> <span class='ocrx_word' id='word_1_154' title='bbox 1038 2095 1190 2161; x_wconf 89' lang='lat' dir='ltr'><strong>circulum</strong></span> <span class='ocrx_word' id='word_1_155' title='bbox 1205 2098 1310 2164; x_wconf 92' lang='lat' dir='ltr'><strong>illum</strong></span> <span class='ocrx_word' id='word_1_156' title='bbox 1327 2104 1368 2167; x_wconf 91' lang='lat' dir='ltr'><strong>in</strong></span> <span class='ocrx_word' id='word_1_157' title='bbox 1383 2106 1503 2193; x_wconf 87' lang='lat' dir='ltr'><strong>angulo</strong></span> <span class='ocrx_word' id='word_1_158' title='bbox 1515 2115 1553 2170; x_wconf 92' lang='grc'><strong>10</strong></span> <span class='ocrx_word' id='word_1_159' title='bbox 1563 2105 1599 2170; x_wconf 69' lang='lat' dir='ltr'><strong>a</strong></span> 
     </span>
     <span class='ocr_line' id='line_1_16' title="bbox 319 2201 1598 2305; baseline 0.015 -40"><span class='ocrx_word' id='word_1_160' title='bbox 319 2212 368 2269; x_wconf 92' lang='grc'><strong>11.</strong></span> <span class='ocrx_word' id='word_1_161' title='bbox 383 2201 549 2291; x_wconf 81' lang='lat' dir='ltr'><strong>graduum,</strong></span> <span class='ocrx_word' id='word_1_162' title='bbox 572 2214 604 2265; x_wconf 90' lang='lat' dir='ltr'><strong>et</strong></span> <span class='ocrx_word' id='word_1_163' title='bbox 624 2201 743 2268; x_wconf 88' lang='lat' dir='ltr'><strong>chorda</strong></span> <span class='ocrx_word' id='word_1_164' title='bbox 757 2202 866 2266; x_wconf 76' lang='lat' dir='ltr'><strong>caudae</strong></span> <span class='ocrx_word' id='word_1_165' title='bbox 880 2225 953 2267; x_wconf 90' lang='lat' dir='ltr'><strong>cum</strong></span> <span class='ocrx_word' id='word_1_166' title='bbox 967 2204 1083 2268; x_wconf 93' lang='lat' dir='ltr'><strong>circulo</strong></span> <span class='ocrx_word' id='word_1_167' title='bbox 1096 2205 1151 2269; x_wconf 90' lang='lat' dir='ltr'><strong>illo</strong></span> <span class='ocrx_word' id='word_1_168' title='bbox 1165 2210 1374 2279; x_wconf 88' lang='lat' dir='ltr'><strong>continebat</strong></span> <span class='ocrx_word' id='word_1_169' title='bbox 1388 2217 1532 2305; x_wconf 82' lang='lat' dir='ltr'><strong>angulum</strong></span> <span class='ocrx_word' id='word_1_170' title='bbox 1546 2239 1598 2305; x_wconf 68' lang='lat' dir='ltr'><strong>gre</strong></span> 
     </span>
     <span class='ocr_line' id='line_1_17' title="bbox 320 2309 1597 2390; baseline 0.004 -14"><span class='ocrx_word' id='word_1_171' title='bbox 320 2312 418 2376; x_wconf 90' lang='lat' dir='ltr'><strong>duum</strong></span> <span class='ocrx_word' id='word_1_172' title='bbox 440 2322 521 2373; x_wconf 91' lang='lat' dir='ltr'><strong>octo.</strong></span> <span class='ocrx_word' id='word_1_173' title='bbox 575 2309 646 2373; x_wconf 85' lang='lat' dir='ltr'><strong>Jan.</strong></span> <span class='ocrx_word' id='word_1_174' title='bbox 665 2317 716 2374; x_wconf 91' lang='grc'><strong>13.</strong></span> <span class='ocrx_word' id='word_1_175' title='bbox 738 2309 838 2373; x_wconf 89' lang='lat' dir='ltr'><strong>cauda</strong></span> <span class='ocrx_word' id='word_1_176' title='bbox 851 2309 921 2374; x_wconf 91' lang='lat' dir='ltr'><strong>luce</strong></span> <span class='ocrx_word' id='word_1_177' title='bbox 936 2311 1009 2374; x_wconf 87' lang='lat' dir='ltr'><strong>satis</strong></span> <span class='ocrx_word' id='word_1_178' title='bbox 1024 2312 1159 2377; x_wconf 87' lang='lat' dir='ltr'><strong>sensibili</strong></span> <span class='ocrx_word' id='word_1_179' title='bbox 1182 2318 1441 2388; x_wconf 79' lang='lat' dir='ltr'><strong>terminabatur</strong></span> <span class='ocrx_word' id='word_1_180' title='bbox 1460 2325 1597 2390; x_wconf 62' lang='lat' dir='ltr'><strong>imatu-</strong></span> 
     </span>
     <span class='ocr_line' id='line_1_18' title="bbox 315 2419 1596 2512; baseline 0.012 -27"><span class='ocrx_word' id='word_1_181' title='bbox 315 2420 407 2486; x_wconf 90' lang='lat' dir='ltr'><strong>mech</strong></span> <span class='ocrx_word' id='word_1_182' title='bbox 429 2434 460 2484; x_wconf 90' lang='lat' dir='ltr'><strong>et</strong></span> <span class='ocrx_word' id='word_1_183' title='bbox 481 2419 588 2507; x_wconf 85' lang='lat' dir='ltr'><strong>Algol,</strong></span> <span class='ocrx_word' id='word_1_184' title='bbox 611 2432 643 2483; x_wconf 93' lang='lat' dir='ltr'><strong>et</strong></span> <span class='ocrx_word' id='word_1_185' title='bbox 664 2419 733 2484; x_wconf 87' lang='lat' dir='ltr'><strong>luce</strong></span> <span class='ocrx_word' id='word_1_186' title='bbox 754 2419 932 2485; x_wconf 76' lang='lat' dir='ltr'><strong>tenuissimi</strong></span> <span class='ocrx_word' id='word_1_187' title='bbox 954 2421 1116 2486; x_wconf 80' lang='lat' dir='ltr'><strong>desinebat</strong></span> <span class='ocrx_word' id='word_1_188' title='bbox 1130 2444 1148 2485; x_wconf 91' lang='lat' dir='ltr'><strong>e</strong></span> <span class='ocrx_word' id='word_1_189' title='bbox 1162 2426 1309 2512; x_wconf 82' lang='lat' dir='ltr'><strong>regione</strong></span> <span class='ocrx_word' id='word_1_190' title='bbox 1326 2432 1438 2497; x_wconf 80' lang='lat' dir='ltr'><strong>stellae</strong></span> <span class='ocrx_word' id='word_1_191' title='bbox 1451 2461 1469 2496; x_wconf 75' lang='lat' dir='ltr'><strong>a</strong></span> <span class='ocrx_word' id='word_1_192' title='bbox 1488 2435 1596 2499; x_wconf 71' lang='lat' dir='ltr'><strong>inlatae</strong></span> 
     </span>
     <span class='ocr_line' id='line_1_19' title="bbox 307 2530 1593 2632; baseline 0.016 -42"><span class='ocrx_word' id='word_1_193' title='bbox 307 2532 432 2597; x_wconf 88' lang='lat' dir='ltr'><strong>Persei.</strong></span> <span class='ocrx_word' id='word_1_194' title='bbox 477 2531 638 2596; x_wconf 74' lang='lat' dir='ltr'><strong>Distentis</strong></span> <span class='ocrx_word' id='word_1_195' title='bbox 658 2530 783 2595; x_wconf 85' lang='lat' dir='ltr'><strong>termini</strong></span> <span class='ocrx_word' id='word_1_196' title='bbox 805 2531 913 2594; x_wconf 84' lang='lat' dir='ltr'><strong>caudae</strong></span> <span class='ocrx_word' id='word_1_197' title='bbox 935 2553 955 2594; x_wconf 89' lang='lat' dir='ltr'><strong>a</strong></span> <span class='ocrx_word' id='word_1_198' title='bbox 975 2531 1090 2596; x_wconf 91' lang='lat' dir='ltr'><strong>circulo</strong></span> <span class='ocrx_word' id='word_1_199' title='bbox 1111 2531 1222 2597; x_wconf 89' lang='lat' dir='ltr'><strong>Solem</strong></span> <span class='ocrx_word' id='word_1_200' title='bbox 1237 2549 1275 2600; x_wconf 91' lang='lat' dir='ltr'><strong>et</strong></span> <span class='ocrx_word' id='word_1_201' title='bbox 1292 2555 1465 2608; x_wconf 85' lang='lat' dir='ltr'><strong>cometam</strong></span> <span class='ocrx_word' id='word_1_202' title='bbox 1480 2545 1593 2632; x_wconf 57' lang='lat' dir='ltr'><strong>jum</strong></span> 
     </span>
     <span class='ocr_line' id='line_1_20' title="bbox 315 2640 1593 2739; baseline 0.009 -33"><span class='ocrx_word' id='word_1_203' title='bbox 315 2655 382 2706; x_wconf 89' lang='lat' dir='ltr'><strong>erat</strong></span> <span class='ocrx_word' id='word_1_204' title='bbox 397 2648 449 2706; x_wconf 77' lang='lat'><strong>3⁸¹.</strong></span> <span class='ocrx_word' id='word_1_205' title='bbox 466 2643 526 2706; x_wconf 81' lang='lat'><strong>50¹.</strong></span> <span class='ocrx_word' id='word_1_206' title='bbox 543 2653 574 2705; x_wconf 90' lang='lat' dir='ltr'><strong>et</strong></span> <span class='ocrx_word' id='word_1_207' title='bbox 588 2640 747 2704; x_wconf 81' lang='lat' dir='ltr'><strong>inclinatio</strong></span> <span class='ocrx_word' id='word_1_208' title='bbox 762 2640 892 2704; x_wconf 82' lang='lat' dir='ltr'><strong>chordae</strong></span> <span class='ocrx_word' id='word_1_209' title='bbox 907 2641 1015 2705; x_wconf 76' lang='lat' dir='ltr'><strong>caudae</strong></span> <span class='ocrx_word' id='word_1_210' title='bbox 1028 2642 1069 2707; x_wconf 92' lang='lat' dir='ltr'><strong>ad</strong></span> <span class='ocrx_word' id='word_1_211' title='bbox 1083 2641 1239 2711; x_wconf 88' lang='lat' dir='ltr'><strong>circulum</strong></span> <span class='ocrx_word' id='word_1_212' title='bbox 1254 2647 1362 2715; x_wconf 87' lang='lat' dir='ltr'><strong>illum</strong></span> <span class='ocrx_word' id='word_1_213' title='bbox 1379 2660 1460 2739; x_wconf 64' lang='lat' dir='ltr'><strong>W·</strong></span> <span class='ocrx_word' id='word_1_214' title='bbox 1491 2656 1548 2721; x_wconf 69' lang='grc'><strong>10.</strong></span> <span class='ocrx_word' id='word_1_215' title='bbox 1558 2662 1593 2718; x_wconf 61' lang='lat' dir='ltr'><strong>tt</strong></span> 
     </span>
     <span class='ocr_line' id='line_1_21' title="bbox 315 2747 1593 2842; baseline 0.008 -28"><span class='ocrx_word' id='word_1_216' title='bbox 315 2758 412 2815; x_wconf 75' lang='grc'><strong>0106.</strong></span> <span class='ocrx_word' id='word_1_217' title='bbox 435 2747 534 2814; x_wconf 87' lang='lat' dir='ltr'><strong>cauda</strong></span> <span class='ocrx_word' id='word_1_218' title='bbox 551 2747 625 2812; x_wconf 86' lang='lat' dir='ltr'><strong>luce</strong></span> <span class='ocrx_word' id='word_1_219' title='bbox 646 2749 732 2812; x_wconf 88' lang='lat' dir='ltr'><strong>tenui</strong></span> <span class='ocrx_word' id='word_1_220' title='bbox 752 2748 887 2812; x_wconf 89' lang='lat' dir='ltr'><strong>micabat</strong></span> <span class='ocrx_word' id='word_1_221' title='bbox 908 2748 948 2812; x_wconf 84' lang='lat' dir='ltr'><strong>ad</strong></span> <span class='ocrx_word' id='word_1_222' title='bbox 969 2749 1197 2839; x_wconf 85' lang='lat' dir='ltr'><strong>longitudinem</strong></span> <span class='ocrx_word' id='word_1_223' title='bbox 1220 2756 1403 2842; x_wconf 79' lang='lat' dir='ltr'><strong>graduum</strong></span> <span class='ocrx_word' id='word_1_224' title='bbox 1418 2772 1452 2828; x_wconf 89' lang='lat'><strong>6.</strong></span> <span class='ocrx_word' id='word_1_225' title='bbox 1467 2763 1512 2828; x_wconf 83' lang='lat' dir='ltr'><strong>rel</strong></span> <span class='ocrx_word' id='word_1_226' title='bbox 1526 2773 1593 2839; x_wconf 68' lang='lat'><strong>7501</strong></span> 
     </span>
     <span class='ocr_line' id='line_1_22' title="bbox 313 2858 1593 2948; baseline 0.009 -24"><span class='ocrx_word' id='word_1_227' title='bbox 313 2870 406 2924; x_wconf 90' lang='lat' dir='ltr'><strong>nocte</strong></span> <span class='ocrx_word' id='word_1_228' title='bbox 427 2858 489 2923; x_wconf 73' lang='lat' dir='ltr'><strong>und</strong></span> <span class='ocrx_word' id='word_1_229' title='bbox 512 2873 543 2922; x_wconf 94' lang='lat' dir='ltr'><strong>et</strong></span> <span class='ocrx_word' id='word_1_230' title='bbox 564 2858 660 2923; x_wconf 71' lang='lat' dir='ltr'><strong>alterii</strong></span> <span class='ocrx_word' id='word_1_231' title='bbox 684 2871 831 2943; x_wconf 89' lang='lat' dir='ltr'><strong>sequente</strong></span> <span class='ocrx_word' id='word_1_232' title='bbox 846 2858 900 2922; x_wconf 93' lang='lat' dir='ltr'><strong>ubi</strong></span> <span class='ocrx_word' id='word_1_233' title='bbox 915 2859 1028 2923; x_wconf 86' lang='lat' dir='ltr'><strong>coelum</strong></span> <span class='ocrx_word' id='word_1_234' title='bbox 1043 2859 1133 2925; x_wconf 86' lang='lat' dir='ltr'><strong>valde</strong></span> <span class='ocrx_word' id='word_1_235' title='bbox 1148 2883 1309 2930; x_wconf 89' lang='lat' dir='ltr'><strong>screnum</strong></span> <span class='ocrx_word' id='word_1_236' title='bbox 1326 2882 1413 2948; x_wconf 87' lang='lat' dir='ltr'><strong>erat,</strong></span> <span class='ocrx_word' id='word_1_237' title='bbox 1429 2872 1498 2938; x_wconf 89' lang='lat' dir='ltr'><strong>luce</strong></span> <span class='ocrx_word' id='word_1_238' title='bbox 1510 2872 1593 2936; x_wconf 72' lang='lat' dir='ltr'><strong>eooi-</strong></span> 
     </span>
     <span class='ocr_line' id='line_1_23' title="bbox 314 2969 1594 3062; baseline 0.006 -27"><span class='ocrx_word' id='word_1_239' title='bbox 314 2970 391 3036; x_wconf 74' lang='lat' dir='ltr'><strong>sima</strong></span> <span class='ocrx_word' id='word_1_240' title='bbox 406 2984 438 3034; x_wconf 90' lang='lat' dir='ltr'><strong>et</strong></span> <span class='ocrx_word' id='word_1_241' title='bbox 452 2970 613 3057; x_wconf 75' lang='lat' dir='ltr'><strong>aegerrimd</strong></span> <span class='ocrx_word' id='word_1_242' title='bbox 628 2970 765 3033; x_wconf 90' lang='lat' dir='ltr'><strong>sensibili</strong></span> <span class='ocrx_word' id='word_1_243' title='bbox 786 2969 956 3056; x_wconf 87' lang='lat' dir='ltr'><strong>attingebat</strong></span> <span class='ocrx_word' id='word_1_244' title='bbox 976 2971 1205 3058; x_wconf 84' lang='lat' dir='ltr'><strong>longitudinem</strong></span> <span class='ocrx_word' id='word_1_245' title='bbox 1219 2978 1400 3062; x_wconf 85' lang='lat' dir='ltr'><strong>graduum</strong></span> <span class='ocrx_word' id='word_1_246' title='bbox 1417 2982 1594 3047; x_wconf 76' lang='lat' dir='ltr'><strong>duodecime</strong></span> 
     </span>
     <span class='ocr_line' id='line_1_24' title="bbox 313 3079 1594 3166; baseline 0.007 -22"><span class='ocrx_word' id='word_1_247' title='bbox 313 3079 408 3164; x_wconf 84' lang='lat' dir='ltr'><strong>paulb</strong></span> <span class='ocrx_word' id='word_1_248' title='bbox 422 3080 513 3144; x_wconf 86' lang='lat' dir='ltr'><strong>ultra.</strong></span> <span class='ocrx_word' id='word_1_249' title='bbox 557 3080 761 3166; x_wconf 87' lang='lat' dir='ltr'><strong>Dirigebatur</strong></span> <span class='ocrx_word' id='word_1_250' title='bbox 777 3092 881 3143; x_wconf 88' lang='lat' dir='ltr'><strong>autem</strong></span> <span class='ocrx_word' id='word_1_251' title='bbox 896 3082 962 3165; x_wconf 92' lang='lat' dir='ltr'><strong>ejus</strong></span> <span class='ocrx_word' id='word_1_252' title='bbox 977 3081 1044 3144; x_wconf 84' lang='lat' dir='ltr'><strong>axis</strong></span> <span class='ocrx_word' id='word_1_253' title='bbox 1059 3082 1099 3145; x_wconf 87' lang='lat' dir='ltr'><strong>ad</strong></span> <span class='ocrx_word' id='word_1_254' title='bbox 1113 3081 1253 3148; x_wconf 83' lang='lat' dir='ltr'><strong>lucidam</strong></span> <span class='ocrx_word' id='word_1_255' title='bbox 1273 3088 1313 3152; x_wconf 92' lang='lat' dir='ltr'><strong>in</strong></span> <span class='ocrx_word' id='word_1_256' title='bbox 1330 3090 1471 3157; x_wconf 88' lang='lat' dir='ltr'><strong>humero</strong></span> <span class='ocrx_word' id='word_1_257' title='bbox 1484 3090 1594 3157; x_wconf 73' lang='lat' dir='ltr'><strong>onerati</strong></span> 
     </span>
     <span class='ocr_line' id='line_1_25' title="bbox 314 3189 1594 3276; baseline 0.011 -24"><span class='ocrx_word' id='word_1_258' title='bbox 314 3191 443 3276; x_wconf 83' lang='lat' dir='ltr'><strong>Aurigae</strong></span> <span class='ocrx_word' id='word_1_259' title='bbox 457 3189 610 3266; x_wconf 75' lang='lat' dir='ltr'><strong>accurate,</strong></span> <span class='ocrx_word' id='word_1_260' title='bbox 634 3190 767 3275; x_wconf 78' lang='lat' dir='ltr'><strong>ideoque</strong></span> <span class='ocrx_word' id='word_1_261' title='bbox 782 3190 957 3254; x_wconf 88' lang='lat' dir='ltr'><strong>declinabat</strong></span> <span class='ocrx_word' id='word_1_262' title='bbox 971 3191 1011 3254; x_wconf 93' lang='lat' dir='ltr'><strong>ab</strong></span> <span class='ocrx_word' id='word_1_263' title='bbox 1027 3193 1224 3275; x_wconf 89' lang='lat' dir='ltr'><strong>oppositione</strong></span> <span class='ocrx_word' id='word_1_264' title='bbox 1250 3198 1348 3266; x_wconf 85' lang='lat' dir='ltr'><strong>Solis</strong></span> <span class='ocrx_word' id='word_1_265' title='bbox 1374 3203 1502 3269; x_wconf 88' lang='lat' dir='ltr'><strong>boream</strong></span> <span class='ocrx_word' id='word_1_266' title='bbox 1514 3224 1594 3267; x_wconf 74' lang='lat' dir='ltr'><strong>verso</strong></span> 
     </span>
     <span class='ocr_line' id='line_1_26' title="bbox 312 3296 1593 3384; baseline 0.012 -26"><span class='ocrx_word' id='word_1_267' title='bbox 312 3296 345 3358; x_wconf 95' lang='lat' dir='ltr'><strong>in</strong></span> <span class='ocrx_word' id='word_1_268' title='bbox 360 3297 476 3382; x_wconf 87' lang='lat' dir='ltr'><strong>angulo</strong></span> <span class='ocrx_word' id='word_1_269' title='bbox 496 3297 650 3384; x_wconf 85' lang='lat' dir='ltr'><strong>graduum</strong></span> <span class='ocrx_word' id='word_1_270' title='bbox 666 3297 782 3360; x_wconf 89' lang='lat' dir='ltr'><strong>decern.</strong></span> <span class='ocrx_word' id='word_1_271' title='bbox 827 3298 974 3383; x_wconf 90' lang='lat' dir='ltr'><strong>Denique</strong></span> <span class='ocrx_word' id='word_1_272' title='bbox 991 3298 1066 3361; x_wconf 83' lang='lat' dir='ltr'><strong>Feb.</strong></span> <span class='ocrx_word' id='word_1_273' title='bbox 1086 3308 1133 3363; x_wconf 92' lang='grc'><strong>10.</strong></span> <span class='ocrx_word' id='word_1_274' title='bbox 1150 3303 1293 3370; x_wconf 85' lang='lat' dir='ltr'><strong>caudam</strong></span> <span class='ocrx_word' id='word_1_275' title='bbox 1310 3313 1420 3377; x_wconf 86' lang='lat' dir='ltr'><strong>oculis</strong></span> <span class='ocrx_word' id='word_1_276' title='bbox 1436 3315 1548 3378; x_wconf 75' lang='lat' dir='ltr'><strong>armafis</strong></span> <span class='ocrx_word' id='word_1_277' title='bbox 1559 3333 1593 3374; x_wconf 69' lang='lat' dir='ltr'><strong>ra</strong></span> 
     </span>
     <span class='ocr_line' id='line_1_27' title="bbox 312 3404 1593 3504; baseline 0.009 -36"><span class='ocrx_word' id='word_1_278' title='bbox 312 3405 386 3489; x_wconf 85' lang='lat' dir='ltr'><strong>pexi</strong></span> <span class='ocrx_word' id='word_1_279' title='bbox 409 3405 525 3491; x_wconf 88' lang='lat' dir='ltr'><strong>gradus</strong></span> <span class='ocrx_word' id='word_1_280' title='bbox 551 3405 629 3468; x_wconf 93' lang='lat' dir='ltr'><strong>duos</strong></span> <span class='ocrx_word' id='word_1_281' title='bbox 655 3404 790 3490; x_wconf 83' lang='lat' dir='ltr'><strong>longam.</strong></span> <span class='ocrx_word' id='word_1_282' title='bbox 846 3405 928 3468; x_wconf 89' lang='lat' dir='ltr'><strong>Nam</strong></span> <span class='ocrx_word' id='word_1_283' title='bbox 953 3405 1008 3468; x_wconf 85' lang='lat' dir='ltr'><strong>lux</strong></span> <span class='ocrx_word' id='word_1_284' title='bbox 1032 3407 1182 3489; x_wconf 86' lang='lat' dir='ltr'><strong>praedicta</strong></span> <span class='ocrx_word' id='word_1_285' title='bbox 1209 3415 1349 3480; x_wconf 88' lang='lat' dir='ltr'><strong>tenuior</strong></span> <span class='ocrx_word' id='word_1_286' title='bbox 1374 3442 1435 3504; x_wconf 87' lang='lat' dir='ltr'><strong>per</strong></span> <span class='ocrx_word' id='word_1_287' title='bbox 1460 3422 1530 3483; x_wconf 79' lang='lat' dir='ltr'><strong>vitra</strong></span> <span class='ocrx_word' id='word_1_288' title='bbox 1548 3439 1593 3480; x_wconf 82' lang='lat' dir='ltr'><strong>mu</strong></span> 
     </span>
     <span class='ocr_line' id='line_1_28' title="bbox 313 3512 1592 3616; baseline 0.014 -40"><span class='ocrx_word' id='word_1_289' title='bbox 313 3515 468 3598; x_wconf 88' lang='lat' dir='ltr'><strong>apparuit.</strong></span> <span class='ocrx_word' id='word_1_290' title='bbox 516 3512 685 3576; x_wconf 87' lang='lat' dir='ltr'><strong>Pontbaeus</strong></span> <span class='ocrx_word' id='word_1_291' title='bbox 700 3527 804 3576; x_wconf 90' lang='lat' dir='ltr'><strong>autem</strong></span> <span class='ocrx_word' id='word_1_292' title='bbox 821 3513 896 3575; x_wconf 89' lang='lat' dir='ltr'><strong>Feb.</strong></span> <span class='ocrx_word' id='word_1_293' title='bbox 910 3520 938 3579; x_wconf 83' lang='lat'><strong>7.</strong></span> <span class='ocrx_word' id='word_1_294' title='bbox 956 3535 988 3575; x_wconf 92' lang='lat' dir='ltr'><strong>se</strong></span> <span class='ocrx_word' id='word_1_295' title='bbox 1003 3513 1133 3578; x_wconf 87' lang='lat' dir='ltr'><strong>caudam</strong></span> <span class='ocrx_word' id='word_1_296' title='bbox 1148 3515 1188 3577; x_wconf 90' lang='lat' dir='ltr'><strong>ad</strong></span> <span class='ocrx_word' id='word_1_297' title='bbox 1205 3516 1454 3607; x_wconf 83' lang='lat' dir='ltr'><strong>longitudinem</strong></span> <span class='ocrx_word' id='word_1_298' title='bbox 1468 3526 1592 3616; x_wconf 64' lang='lat' dir='ltr'><strong>graduum</strong></span> 
     </span>
     <span class='ocr_line' id='line_1_29' title="bbox 316 3618 1534 3721; baseline 0.016 -40"><span class='ocrx_word' id='word_1_299' title='bbox 316 3627 364 3682; x_wconf 71' lang='lat'><strong>12.</strong></span> <span class='ocrx_word' id='word_1_300' title='bbox 382 3619 494 3682; x_wconf 88' lang='lat' dir='ltr'><strong>vidisse</strong></span> <span class='ocrx_word' id='word_1_301' title='bbox 509 3619 624 3681; x_wconf 86' lang='lat' dir='ltr'><strong>scribit</strong></span> <span class='ocrx_word' id='word_1_302' title='bbox 671 3618 744 3681; x_wconf 86' lang='lat' dir='ltr'><strong>Feb.</strong></span> <span class='ocrx_word' id='word_1_303' title='bbox 762 3627 813 3682; x_wconf 73' lang='lat'><strong>25.</strong></span> <span class='ocrx_word' id='word_1_304' title='bbox 829 3633 860 3682; x_wconf 90' lang='lat' dir='ltr'><strong>et</strong></span> <span class='ocrx_word' id='word_1_305' title='bbox 874 3618 1019 3704; x_wconf 88' lang='lat' dir='ltr'><strong>deinceps</strong></span> <span class='ocrx_word' id='word_1_306' title='bbox 1035 3633 1154 3684; x_wconf 87' lang='lat' dir='ltr'><strong>cometa</strong></span> <span class='ocrx_word' id='word_1_307' title='bbox 1169 3623 1240 3687; x_wconf 91' lang='lat' dir='ltr'><strong>sine</strong></span> <span class='ocrx_word' id='word_1_308' title='bbox 1255 3631 1371 3697; x_wconf 70' lang='lat' dir='ltr'><strong>cauda</strong></span> <span class='ocrx_word' id='word_1_309' title='bbox 1387 3637 1534 3721; x_wconf 82' lang='lat' dir='ltr'><strong>apparuit.</strong></span> 
     </span>
     <span class='ocr_line' id='line_1_30' title="bbox 357 3724 1592 3827; baseline 0.011 -38"><span class='ocrx_word' id='word_1_310' title='bbox 357 3725 477 3790; x_wconf 90' lang='lat' dir='ltr'><strong>Orbem</strong></span> <span class='ocrx_word' id='word_1_311' title='bbox 494 3727 560 3810; x_wconf 88' lang='lat' dir='ltr'><strong>jum</strong></span> <span class='ocrx_word' id='word_1_312' title='bbox 579 3724 772 3809; x_wconf 90' lang='lat' dir='ltr'><strong>descriptum</strong></span> <span class='ocrx_word' id='word_1_313' title='bbox 795 3727 946 3810; x_wconf 84' lang='lat' dir='ltr'><strong>spectanti</strong></span> <span class='ocrx_word' id='word_1_314' title='bbox 961 3739 992 3789; x_wconf 88' lang='lat' dir='ltr'><strong>et</strong></span> <span class='ocrx_word' id='word_1_315' title='bbox 1006 3727 1125 3813; x_wconf 89' lang='lat' dir='ltr'><strong>reliqua</strong></span> <span class='ocrx_word' id='word_1_316' title='bbox 1139 3746 1277 3797; x_wconf 83' lang='lat' dir='ltr'><strong>cometae</strong></span> <span class='ocrx_word' id='word_1_317' title='bbox 1295 3735 1397 3825; x_wconf 89' lang='lat' dir='ltr'><strong>hujus</strong></span> <span class='ocrx_word' id='word_1_318' title='bbox 1414 3742 1592 3827; x_wconf 78' lang='lat' dir='ltr'><strong>phaenorneu</strong></span> 
     </span>
     <span class='ocr_line' id='line_1_31' title="bbox 313 3836 1591 3936; baseline 0.012 -38"><span class='ocrx_word' id='word_1_319' title='bbox 313 3836 346 3898; x_wconf 93' lang='lat' dir='ltr'><strong>in</strong></span> <span class='ocrx_word' id='word_1_320' title='bbox 368 3837 473 3899; x_wconf 90' lang='lat' dir='ltr'><strong>animo</strong></span> <span class='ocrx_word' id='word_1_321' title='bbox 496 3837 673 3912; x_wconf 90' lang='lat' dir='ltr'><strong>revolventi,</strong></span> <span class='ocrx_word' id='word_1_322' title='bbox 697 3837 782 3900; x_wconf 90' lang='lat' dir='ltr'><strong>haud</strong></span> <span class='ocrx_word' id='word_1_323' title='bbox 797 3837 961 3901; x_wconf 87' lang='lat' dir='ltr'><strong>difficulter</strong></span> <span class='ocrx_word' id='word_1_324' title='bbox 975 3839 1137 3917; x_wconf 83' lang='lat' dir='ltr'><strong>constabit,</strong></span> <span class='ocrx_word' id='word_1_325' title='bbox 1161 3844 1250 3926; x_wconf 91' lang='lat' dir='ltr'><strong>quod</strong></span> <span class='ocrx_word' id='word_1_326' title='bbox 1266 3868 1416 3936; x_wconf 79' lang='lat' dir='ltr'><strong>corpora</strong></span> <span class='ocrx_word' id='word_1_327' title='bbox 1431 3869 1591 3917; x_wconf 79' lang='lat' dir='ltr'><strong>cometarum</strong></span> 
     </span>
     <span class='ocr_line' id='line_1_32' title="bbox 313 3943 1589 4045; baseline 0.007 -38"><span class='ocrx_word' id='word_1_328' title='bbox 313 3957 386 4008; x_wconf 91' lang='lat' dir='ltr'><strong>sunt</strong></span> <span class='ocrx_word' id='word_1_329' title='bbox 400 3943 508 4021; x_wconf 89' lang='lat' dir='ltr'><strong>solida,</strong></span> <span class='ocrx_word' id='word_1_330' title='bbox 531 3956 703 4028; x_wconf 87' lang='lat' dir='ltr'><strong>compacta,</strong></span> <span class='ocrx_word' id='word_1_331' title='bbox 727 3944 792 4007; x_wconf 88' lang='lat' dir='ltr'><strong>fixa</strong></span> <span class='ocrx_word' id='word_1_332' title='bbox 807 3967 843 4006; x_wconf 91' lang='lat' dir='ltr'><strong>ac</strong></span> <span class='ocrx_word' id='word_1_333' title='bbox 858 3944 1012 4008; x_wconf 87' lang='lat' dir='ltr'><strong>durabilia</strong></span> <span class='ocrx_word' id='word_1_334' title='bbox 1026 3945 1065 4009; x_wconf 86' lang='lat' dir='ltr'><strong>ad</strong></span> <span class='ocrx_word' id='word_1_335' title='bbox 1088 3946 1184 4011; x_wconf 87' lang='lat' dir='ltr'><strong>instar</strong></span> <span class='ocrx_word' id='word_1_336' title='bbox 1200 3971 1387 4037; x_wconf 83' lang='lat' dir='ltr'><strong>corporum</strong></span> <span class='ocrx_word' id='word_1_337' title='bbox 1410 3960 1589 4045; x_wconf 62' lang='lat' dir='ltr'><strong>planetarum</strong></span> 
     </span>
     <span class='ocr_line' id='line_1_33' title="bbox 315 4054 1590 4150; baseline 0.011 -32"><span class='ocrx_word' id='word_1_338' title='bbox 315 4055 398 4119; x_wconf 87' lang='lat' dir='ltr'><strong>Nam</strong></span> <span class='ocrx_word' id='word_1_339' title='bbox 414 4056 440 4118; x_wconf 93' lang='lat' dir='ltr'><strong>si</strong></span> <span class='ocrx_word' id='word_1_340' title='bbox 455 4054 533 4117; x_wconf 91' lang='lat' dir='ltr'><strong>nibil</strong></span> <span class='ocrx_word' id='word_1_341' title='bbox 554 4054 638 4118; x_wconf 93' lang='lat' dir='ltr'><strong>aliud</strong></span> <span class='ocrx_word' id='word_1_342' title='bbox 660 4068 763 4119; x_wconf 87' lang='lat' dir='ltr'><strong>essent</strong></span> <span class='ocrx_word' id='word_1_343' title='bbox 778 4054 872 4141; x_wconf 75' lang='lat' dir='ltr'><strong>quam</strong></span> <span class='ocrx_word' id='word_1_344' title='bbox 887 4079 1018 4141; x_wconf 89' lang='lat' dir='ltr'><strong>vapores</strong></span> <span class='ocrx_word' id='word_1_345' title='bbox 1033 4057 1081 4122; x_wconf 82' lang='lat' dir='ltr'><strong>vel</strong></span> <span class='ocrx_word' id='word_1_346' title='bbox 1095 4058 1323 4131; x_wconf 82' lang='lat' dir='ltr'><strong>exhalationes</strong></span> <span class='ocrx_word' id='word_1_347' title='bbox 1341 4070 1468 4150; x_wconf 79' lang='lat' dir='ltr'><strong>Terrae,</strong></span> <span class='ocrx_word' id='word_1_348' title='bbox 1492 4072 1590 4138; x_wconf 77' lang='lat' dir='ltr'><strong>Solisc</strong></span> 
     </span>
     <span class='ocr_line' id='line_1_34' title="bbox 312 4165 1588 4251; baseline 0.01 -24"><span class='ocrx_word' id='word_1_349' title='bbox 312 4166 517 4248; x_wconf 86' lang='lat' dir='ltr'><strong>planetarum,</strong></span> <span class='ocrx_word' id='word_1_350' title='bbox 541 4180 661 4230; x_wconf 86' lang='lat' dir='ltr'><strong>cometa</strong></span> <span class='ocrx_word' id='word_1_351' title='bbox 674 4165 762 4229; x_wconf 89' lang='lat' dir='ltr'><strong>hicce</strong></span> <span class='ocrx_word' id='word_1_352' title='bbox 783 4166 816 4227; x_wconf 93' lang='lat' dir='ltr'><strong>in</strong></span> <span class='ocrx_word' id='word_1_353' title='bbox 831 4167 961 4230; x_wconf 88' lang='lat' dir='ltr'><strong>transitu</strong></span> <span class='ocrx_word' id='word_1_354' title='bbox 976 4190 1034 4231; x_wconf 89' lang='lat' dir='ltr'><strong>suo</strong></span> <span class='ocrx_word' id='word_1_355' title='bbox 1054 4191 1112 4251; x_wconf 88' lang='lat' dir='ltr'><strong>per</strong></span> <span class='ocrx_word' id='word_1_356' title='bbox 1132 4170 1283 4237; x_wconf 87' lang='lat' dir='ltr'><strong>viciniam</strong></span> <span class='ocrx_word' id='word_1_357' title='bbox 1304 4179 1394 4244; x_wconf 88' lang='lat' dir='ltr'><strong>Solis</strong></span> <span class='ocrx_word' id='word_1_358' title='bbox 1410 4183 1510 4246; x_wconf 75' lang='lat' dir='ltr'><strong>statim</strong></span> <span class='ocrx_word' id='word_1_359' title='bbox 1523 4180 1588 4245; x_wconf 76' lang='lat' dir='ltr'><strong>diss·</strong></span> 
     </span>
     <span class='ocr_line' id='line_1_35' title="bbox 314 4275 1586 4368; baseline 0.01 -32"><span class='ocrx_word' id='word_1_360' title='bbox 314 4276 381 4356; x_wconf 91' lang='lat' dir='ltr'><strong>pari</strong></span> <span class='ocrx_word' id='word_1_361' title='bbox 397 4275 561 4340; x_wconf 87' lang='lat' dir='ltr'><strong>debuisset</strong></span> <span class='ocrx_word' id='word_1_362' title='bbox 608 4276 666 4339; x_wconf 87' lang='lat' dir='ltr'><strong>Est</strong></span> <span class='ocrx_word' id='word_1_363' title='bbox 680 4276 762 4337; x_wconf 92' lang='lat' dir='ltr'><strong>enim</strong></span> <span class='ocrx_word' id='word_1_364' title='bbox 777 4275 862 4338; x_wconf 90' lang='lat' dir='ltr'><strong>calor</strong></span> <span class='ocrx_word' id='word_1_365' title='bbox 878 4275 958 4340; x_wconf 90' lang='lat' dir='ltr'><strong>Solis</strong></span> <span class='ocrx_word' id='word_1_366' title='bbox 976 4289 1009 4340; x_wconf 93' lang='lat' dir='ltr'><strong>ut</strong></span> <span class='ocrx_word' id='word_1_367' title='bbox 1023 4276 1181 4341; x_wconf 91' lang='lat' dir='ltr'><strong>radiorum</strong></span> <span class='ocrx_word' id='word_1_368' title='bbox 1197 4280 1358 4366; x_wconf 86' lang='lat' dir='ltr'><strong>densitas,</strong></span> <span class='ocrx_word' id='word_1_369' title='bbox 1382 4291 1446 4354; x_wconf 86' lang='lat' dir='ltr'><strong>hoc</strong></span> <span class='ocrx_word' id='word_1_370' title='bbox 1459 4305 1512 4368; x_wconf 65' lang='lat' dir='ltr'><strong>aar,</strong></span> <span class='ocrx_word' id='word_1_371' title='bbox 1533 4288 1586 4352; x_wconf 80' lang='lat' dir='ltr'><strong>rad-</strong></span> 
     </span>
     <span class='ocr_line' id='line_1_36' title="bbox 315 4382 1584 4485; baseline 0.016 -42"><span class='ocrx_word' id='word_1_372' title='bbox 315 4382 409 4464; x_wconf 78' lang='lat' dir='ltr'><strong>proce</strong></span> <span class='ocrx_word' id='word_1_373' title='bbox 432 4395 467 4446; x_wconf 93' lang='lat' dir='ltr'><strong>ut</strong></span> <span class='ocrx_word' id='word_1_374' title='bbox 488 4383 674 4469; x_wconf 88' lang='lat' dir='ltr'><strong>quadratum</strong></span> <span class='ocrx_word' id='word_1_375' title='bbox 696 4386 850 4449; x_wconf 85' lang='lat' dir='ltr'><strong>distantiae</strong></span> <span class='ocrx_word' id='word_1_376' title='bbox 872 4388 1012 4452; x_wconf 91' lang='lat' dir='ltr'><strong>locorum</strong></span> <span class='ocrx_word' id='word_1_377' title='bbox 1034 4413 1053 4453; x_wconf 91' lang='lat' dir='ltr'><strong>a</strong></span> <span class='ocrx_word' id='word_1_378' title='bbox 1076 4390 1157 4454; x_wconf 80' lang='lat' dir='ltr'><strong>Sole</strong></span> <span class='ocrx_word' id='word_1_379' title='bbox 1204 4392 1358 4485; x_wconf 73' lang='lat' dir='ltr'><strong>Ideoque</strong></span> <span class='ocrx_word' id='word_1_380' title='bbox 1379 4400 1454 4467; x_wconf 80' lang='lat' dir='ltr'><strong>edm</strong></span> <span class='ocrx_word' id='word_1_381' title='bbox 1473 4400 1584 4468; x_wconf 63' lang='lat' dir='ltr'><strong>distanti</strong></span> 
     </span>
     <span class='ocr_line' id='line_1_37' title="bbox 315 4496 1584 4591; baseline 0.024 -40"><span class='ocrx_word' id='word_1_382' title='bbox 315 4505 444 4555; x_wconf 84' lang='lat' dir='ltr'><strong>cometae</strong></span> <span class='ocrx_word' id='word_1_383' title='bbox 466 4517 485 4557; x_wconf 89' lang='lat' dir='ltr'><strong>a</strong></span> <span class='ocrx_word' id='word_1_384' title='bbox 506 4508 612 4558; x_wconf 91' lang='lat' dir='ltr'><strong>centro</strong></span> <span class='ocrx_word' id='word_1_385' title='bbox 637 4496 717 4560; x_wconf 88' lang='lat' dir='ltr'><strong>Solis</strong></span> <span class='ocrx_word' id='word_1_386' title='bbox 740 4498 890 4563; x_wconf 90' lang='lat' dir='ltr'><strong>Decemb.</strong></span> <span class='ocrx_word' id='word_1_387' title='bbox 908 4510 937 4564; x_wconf 90' lang='lat'><strong>8.</strong></span> <span class='ocrx_word' id='word_1_388' title='bbox 955 4500 1009 4563; x_wconf 93' lang='lat' dir='ltr'><strong>ubi</strong></span> <span class='ocrx_word' id='word_1_389' title='bbox 1027 4502 1060 4562; x_wconf 94' lang='lat' dir='ltr'><strong>in</strong></span> <span class='ocrx_word' id='word_1_390' title='bbox 1079 4502 1233 4585; x_wconf 88' lang='lat' dir='ltr'><strong>perihelio</strong></span> <span class='ocrx_word' id='word_1_391' title='bbox 1256 4514 1461 4591; x_wconf 81' lang='lat' dir='ltr'><strong>versabatur,</strong></span> <span class='ocrx_word' id='word_1_392' title='bbox 1482 4506 1584 4579; x_wconf 61' lang='grc'><strong>65011</strong></span> 
     </span>
     <span class='ocr_line' id='line_1_38' title="bbox 316 4600 1581 4704; baseline 0.021 -42"><span class='ocrx_word' id='word_1_393' title='bbox 316 4600 494 4665; x_wconf 89' lang='lat' dir='ltr'><strong>distantiam</strong></span> <span class='ocrx_word' id='word_1_394' title='bbox 517 4605 627 4668; x_wconf 85' lang='lat' dir='ltr'><strong>Terrae</strong></span> <span class='ocrx_word' id='word_1_395' title='bbox 650 4630 669 4669; x_wconf 86' lang='lat' dir='ltr'><strong>a</strong></span> <span class='ocrx_word' id='word_1_396' title='bbox 690 4621 797 4670; x_wconf 92' lang='lat' dir='ltr'><strong>centro</strong></span> <span class='ocrx_word' id='word_1_397' title='bbox 821 4609 902 4672; x_wconf 92' lang='lat' dir='ltr'><strong>Solis</strong></span> <span class='ocrx_word' id='word_1_398' title='bbox 925 4621 960 4672; x_wconf 93' lang='lat' dir='ltr'><strong>ut</strong></span> <span class='ocrx_word' id='word_1_399' title='bbox 977 4619 995 4673; x_wconf 88' lang='lat'>6</span> <span class='ocrx_word' id='word_1_400' title='bbox 1013 4610 1054 4674; x_wconf 88' lang='lat' dir='ltr'><strong>ad</strong></span> <span class='ocrx_word' id='word_1_401' title='bbox 1072 4619 1154 4675; x_wconf 92' lang='grc'><strong>1000</strong></span> <span class='ocrx_word' id='word_1_402' title='bbox 1170 4613 1310 4696; x_wconf 86' lang='lat' dir='ltr'><strong>circiter,</strong></span> <span class='ocrx_word' id='word_1_403' title='bbox 1330 4623 1421 4688; x_wconf 88' lang='lat' dir='ltr'><strong>calor</strong></span> <span class='ocrx_word' id='word_1_404' title='bbox 1438 4615 1581 4704; x_wconf 73' lang='lat' dir='ltr'><strong>Solisnpd</strong></span> 
     </span>
     <span class='ocr_line' id='line_1_39' title="bbox 317 4716 1581 4808; baseline 0.013 -35"><span class='ocrx_word' id='word_1_405' title='bbox 317 4720 468 4773; x_wconf 88' lang='lat' dir='ltr'><strong>cometam</strong></span> <span class='ocrx_word' id='word_1_406' title='bbox 492 4734 530 4774; x_wconf 81' lang='lat' dir='ltr'><strong>eo</strong></span> <span class='ocrx_word' id='word_1_407' title='bbox 551 4728 691 4798; x_wconf 89' lang='lat' dir='ltr'><strong>ternpore</strong></span> <span class='ocrx_word' id='word_1_408' title='bbox 712 4727 778 4778; x_wconf 89' lang='lat' dir='ltr'><strong>erat</strong></span> <span class='ocrx_word' id='word_1_409' title='bbox 799 4716 840 4779; x_wconf 89' lang='lat' dir='ltr'><strong>ad</strong></span> <span class='ocrx_word' id='word_1_410' title='bbox 861 4716 997 4779; x_wconf 89' lang='lat' dir='ltr'><strong>calorem</strong></span> <span class='ocrx_word' id='word_1_411' title='bbox 1013 4716 1093 4781; x_wconf 89' lang='lat' dir='ltr'><strong>Solis</strong></span> <span class='ocrx_word' id='word_1_412' title='bbox 1107 4720 1207 4783; x_wconf 83' lang='lat' dir='ltr'><strong>aestivi</strong></span> <span class='ocrx_word' id='word_1_413' title='bbox 1229 4726 1321 4808; x_wconf 91' lang='lat' dir='ltr'><strong>apud</strong></span> <span class='ocrx_word' id='word_1_414' title='bbox 1339 4751 1400 4794; x_wconf 90' lang='lat' dir='ltr'><strong>nos</strong></span> <span class='ocrx_word' id='word_1_415' title='bbox 1417 4747 1452 4795; x_wconf 87' lang='lat' dir='ltr'><strong>ut</strong></span> <span class='ocrx_word' id='word_1_416' title='bbox 1467 4733 1581 4795; x_wconf 83' lang='grc'><strong>1000000</strong></span> 
     </span>
     <span class='ocr_line' id='line_1_40' title="bbox 316 4821 1579 4926; baseline 0.013 -42"><span class='ocrx_word' id='word_1_417' title='bbox 316 4821 356 4884; x_wconf 85' lang='lat' dir='ltr'><strong>ad</strong></span> <span class='ocrx_word' id='word_1_418' title='bbox 372 4829 423 4895; x_wconf 89' lang='grc'><strong>36,</strong></span> <span class='ocrx_word' id='word_1_419' title='bbox 440 4842 493 4882; x_wconf 92' lang='lat' dir='ltr'><strong>seu</strong></span> <span class='ocrx_word' id='word_1_420' title='bbox 509 4828 613 4885; x_wconf 77' lang='grc'><strong>08000</strong></span> <span class='ocrx_word' id='word_1_421' title='bbox 628 4823 668 4887; x_wconf 90' lang='lat' dir='ltr'><strong>ad</strong></span> <span class='ocrx_word' id='word_1_422' title='bbox 687 4832 712 4887; x_wconf 88' lang='lat'><strong>1.</strong></span> <span class='ocrx_word' id='word_1_423' title='bbox 757 4824 820 4890; x_wconf 89' lang='lat' dir='ltr'><strong>Sed</strong></span> <span class='ocrx_word' id='word_1_424' title='bbox 835 4825 920 4890; x_wconf 88' lang='lat' dir='ltr'><strong>calor</strong></span> <span class='ocrx_word' id='word_1_425' title='bbox 935 4847 1024 4911; x_wconf 86' lang='lat' dir='ltr'><strong>aquae</strong></span> <span class='ocrx_word' id='word_1_426' title='bbox 1039 4826 1215 4894; x_wconf 89' lang='lat' dir='ltr'><strong>ebullientis</strong></span> <span class='ocrx_word' id='word_1_427' title='bbox 1231 4847 1281 4897; x_wconf 87' lang='lat' dir='ltr'><strong>est</strong></span> <span class='ocrx_word' id='word_1_428' title='bbox 1297 4841 1392 4923; x_wconf 82' lang='lat' dir='ltr'><strong>quasi</strong></span> <span class='ocrx_word' id='word_1_429' title='bbox 1408 4841 1500 4926; x_wconf 85' lang='lat' dir='ltr'><strong>triplo</strong></span> <span class='ocrx_word' id='word_1_430' title='bbox 1511 4839 1579 4921; x_wconf 79' lang='lat' dir='ltr'><strong>najo</strong></span> 
     </span>
    </p>
   </div>
   <div class='ocr_carea' id='block_1_3' title="bbox 0 0 1654 5678">
    <p class='ocr_par' dir='ltr' id='par_1_3' title="bbox 0 0 1654 5678">
     <span class='ocr_line' id='line_1_41' title="bbox 0 0 1654 5678; baseline 0 3"><span class='ocrx_word' id='word_1_431' title='bbox 0 0 1654 5678; x_wconf 95' lang='lat' dir='ltr'><strong> </strong></span> 
     </span>
    </p>
   </div>
  </div>
 </body>
</html>
