3330 5692
64 513 368 595 amaremus]
414 515 653 583 rnrucrrm
677 517 1042 586 Mnrnuunrrcu.
1289 529 1330 587 os

61 688 177 772 saepius
192 687 234 752 ud
246 687 353 753 littora
365 689 466 774 spatio
476 689 623 754 horarum
638 691 731 755 trium
745 691 875 768 circiter,
892 691 939 756 vel
954 693 1045 757 etiam
1059 691 1194 777 plurium
1209 693 1235 757 si
1248 715 1333 758 mare

60 797 104 859 sit
117 795 288 860 vadosum.

107 905 146 991 (l)
164 905 273 971 Motus
287 918 392 972 autern
405 907 480 985 bini,
496 931 574 994 quos
589 909 752 972 luminaria
766 908 830 972 duo
844 910 990 986 excitant,
1013 931 1077 973 uon
1091 923 1256 974 cernentur
1270 911 1332 975 dis·

59 1014 170 1092 tincte’,
193 1014 249 1079 sed
268 1028 389 1080 motum
410 1018 567 1103 quendam
588 1019 720 1082 mixtum
734 1018 875 1082 efficient.
921 1019 960 1083 ln
976 1019 1173 1084 luminarium
1188 1022 1332 1106 conjunc·

60 1123 147 1186 tione
160 1121 210 1187 vel
224 1124 420 1208 oppositione
431 1127 657 1212 conjungentur
667 1148 775 1189 eorum
785 1125 920 1204 effectus,
930 1140 961 1191 et
971 1142 1173 1213 componetur
1188 1128 1219 1214 (¹)
1231 1130 1333 1193 fluxus

59 1243 95 1295 et
107 1232 244 1296 refluxus
258 1233 420 1298 maximus.
466 1235 505 1298 Iu
519 1234 714 1321 quadraturis
731 1235 784 1300 Sol
799 1236 917 1300 attollet
931 1259 1041 1323 aquam
1056 1238 1109 1302 ubi
1124 1237 1217 1303 Luna
1231 1238 1333 1323 depri-

58 1340 127 1416 mit,
143 1339 359 1426 deprimetque
372 1341 425 1403 ubi
441 1340 533 1405 Luna
547 1341 657 1406 attollit
665 1364 674 1416 ;
695 1353 779 1405 etex
793 1341 957 1406 effectuum
972 1343 1145 1408 differentis
1160 1357 1254 1409 oestus
1269 1367 1333 1408 om·

57 1452 148 1514 nium
167 1450 316 1514 minimus
337 1451 462 1514 orietur.
508 1451 551 1514 Et
572 1451 728 1537 quoniam,
750 1451 939 1536 experientiis
961 1465 1048 1530 teste,
1071 1455 1170 1538 major
1183 1468 1229 1517 est
1243 1451 1333 1516 effec-

58 1571 109 1621 tus
131 1555 235 1622 Lunae
255 1554 350 1643 quim
373 1556 464 1634 Solis,
488 1557 604 1622 incidet
625 1581 714 1644 aquoe
735 1559 870 1622 maxima
891 1558 1021 1622 altitudo
1040 1560 1073 1622 iu
1087 1558 1197 1623 horam
1212 1561 1333 1624 tertiam

56 1667 201 1732 lunarem
225 1668 358 1732 circiter.
402 1667 502 1731 Extra
527 1668 665 1755 syzygias
690 1681 721 1731 et
746 1668 957 1753 quadraturas,
983 1681 1076 1731 aestus
1104 1669 1257 1732 maximus
1280 1669 1333 1755 qui

57 1772 128 1836 soli
149 1773 181 1836 vi
207 1771 309 1837 lunari
334 1772 470 1836 incidere
491 1794 612 1857 semper
634 1772 761 1837 deberet
788 1774 822 1835 in
850 1772 960 1836 horam
981 1774 1103 1837 tertiam
1128 1774 1278 1850 lunarem,
1301 1786 1334 1838 et

57 1878 129 1943 solt
152 1876 244 1943 solari
262 1879 294 1942 in
316 1880 440 1944 tertiam
460 1879 602 1956 solarem,
626 1880 805 1963 compositis
823 1880 938 1944 viribus
959 1880 1075 1944 incidet
1093 1881 1126 1943 in
1141 1893 1262 1966 tempus
1277 1881 1332 1944 ali·

57 1986 152 2074 quod
164 1986 379 2053 intermedium
393 1987 478 2073 quod
491 1988 591 2052 tertiae
605 1987 707 2051 lunari
720 1988 923 2073 propinquius
938 2000 1001 2063 est3
1023 1988 1155 2074 idedque
1173 1989 1204 2050 in
1221 1989 1332 2053 transi-

57 2109 97 2158 tu
120 2092 222 2157 Lunae
239 2114 259 2156 a
279 2093 411 2180 syzygiis
433 2093 474 2157 ad
494 2093 707 2179 quadraturas,
723 2093 778 2156 ubi
791 2093 869 2156 hora
883 2092 973 2156 tertia
987 2092 1095 2157 solaris
1109 2093 1257 2178 praeoedit
1271 2107 1332 2158 ter-

56 2202 137 2266 tiam
157 2199 305 2277 lunarem,
326 2201 462 2264 maxima
483 2224 572 2287 aquae
594 2201 724 2265 altitudo
746 2191 902 2286 praecodet
920 2202 1012 2266 etiam
1035 2203 1157 2265 tertiam
1179 2202 1330 2278 lunarem,

55 2309 156 2394 idque
170 2306 309 2369 maximo
328 2306 493 2370 intervallo
512 2307 606 2391 paulo
619 2319 692 2391 post
705 2319 842 2371 octantea
858 2307 967 2383 Lunae,
984 2321 1016 2371 et
1028 2308 1154 2392 paribus
1167 2308 1332 2373 intervallis

58 2432 154 2482 murs
168 2422 326 2481 maximus
340 2431 485 2501 sequetur
499 2415 607 2480 horam
621 2417 743 2480 tertiam
764 2415 904 2480 lunarem
919 2416 951 2478 in
965 2398 1095 2481 transitu
1110 2416 1210 2480 Lunae
1224 2438 1244 2480 a
1257 2439 1332 2501 qua·

60 2527 195 2592 draturis
209 2526 251 2590 ad
266 2526 417 2614 syzygias.
464 2525 546 2590 Haec
560 2525 603 2588 ita
616 2541 689 2590 sunt
702 2527 734 2589 in
749 2526 827 2589 mari
840 2537 956 2609 apertu.
1002 2523 1084 2588 Nam
1098 2524 1131 2588 in
1145 2524 1230 2588 ostiis
1243 2524 1332 2588 fluvi-

58 2657 151 2700 orum
164 2636 270 2699 fluxus
284 2635 415 2720 majores
431 2635 550 2698 caeteris
564 2634 690 2719 paribus
704 2634 821 2698 tardius
835 2634 875 2698 ad
890 2641 974 2708 ἀκμὴν
987 2636 1119 2699 venient

105 2741 249 2806 Pendent
270 2753 371 2804 autem
395 2738 520 2804 effectus
541 2740 738 2804 luminarium
753 2763 793 2804 ex
809 2736 916 2804 eorum
939 2740 1090 2804 distantiis
1105 2765 1124 2804 a
1139 2741 1247 2804 Terri.
1292 2740 1331 2805 In

64 2851 232 2916 minoribus
253 2851 337 2914 enim
358 2849 510 2914 distantiis
531 2851 662 2934 majores
677 2862 749 2913 sunt
762 2871 870 2912 eorum
885 2848 1020 2925 effectus,
1043 2850 1076 2912 iu
1090 2848 1256 2933 majoribus
1270 2848 1328 2912 rni-

67 2979 162 3036 uores,
185 2957 282 3043 idque
303 2954 342 3042 (¹)
368 2956 400 3020 in
422 2955 575 3041 triplicati
597 2957 716 3023 ratione
731 2955 951 3018 diametrorum
965 2955 1188 3038 apparentium.
1232 2952 1332 3042 lgitur

72 3064 118 3128 sot
132 3078 276 3149 tempore
287 3061 438 3148 hyberno,
454 3063 486 3125 in
501 3062 638 3149 perigaeo
647 3063 791 3139 existens,
803 3062 935 3145 majores
949 3061 1015 3126 edit
1029 3061 1164 3138 effectus,
1181 3061 1331 3148 efficitque

75 3188 202 3239 nestun
215 3175 250 3238 in
264 3173 396 3261 syzygiis
412 3172 444 3253 (¹)
456 3171 551 3260 pauli>
561 3174 693 3257 majores
704 3173 774 3248 sint,
791 3171 868 3234 etin
883 3170 1076 3256 quadraturis
1090 3169 1183 3254 pauld
1198 3171 1333 3242 minoren

79 3282 193 3360 (uteris
217 3281 357 3367 paribus)
384 3278 476 3366 qudm
502 3293 643 3364 tempore
669 3280 775 3343 aestivo
787 3302 796 3354 ;
827 3291 858 3342 et
881 3279 973 3342 Luna
994 3279 1027 3342 in
1046 3279 1182 3365 perigoeo
1204 3277 1331 3365 singulis

84 3387 220 3452 mensibus
241 3387 374 3472 majores
395 3387 455 3449 ciet
476 3400 568 3449 aestus
590 3384 682 3472 quim
704 3384 774 3448 ante
790 3384 839 3448 vel
857 3397 928 3469 post
942 3384 1008 3448 dies
1023 3384 1207 3471 quindecim,
1230 3385 1284 3448 ubi
1298 3386 1331 3447 in

10 3482 12 3489 ¹
85 3512 196 3581 upogaeo
209 3506 360 3559 versatur.
404 3492 452 3578 (ω)
469 3491 564 3557 Unde
579 3490 614 3556 fit
629 3504 664 3555 ut
677 3506 768 3555 aestus
784 3491 862 3554 duos
876 3493 1002 3555 omnino
1016 3492 1143 3555 maxirni
1157 3493 1189 3555 in
1201 3492 1331 3579 syzygiis

87 3605 214 3669 uutinuis
229 3627 263 3669 se
277 3617 386 3668 mutuo
399 3625 464 3666 non
479 3615 653 3688 sequantur.

118 3713 233 3782 Pendet·
249 3717 343 3781 etiam
365 3714 490 3778 effectus
512 3714 671 3798 utriusque
691 3710 850 3774 luminaris
872 3709 1030 3793 exipsius
1052 3709 1257 3772 declinatione
1278 3732 1332 3773 seu

87 3815 205 3890 dunat
219 3824 260 3890 ab
274 3837 443 3911 oequatore.
488 3822 571 3886 Nam
586 3822 611 3885 si
625 3815 777 3887 luminare
793 3820 826 3882 in
840 3818 913 3904 polo
929 3820 1173 3897 constitueretur,
1197 3819 1333 3883 traheret

86 3922 145 3993 llud
163 3933 295 4021 singulas
317 3953 407 4018 aquae
425 3943 530 4017 partes
552 3941 738 4006 constanter,
763 3930 829 3992 sinc
851 3928 980 3991 actionis
994 3929 1165 3992 intensione
1180 3941 1211 3992 et
1225 3930 1331 3993 remis·

85 4033 161 4116 tione,
180 4039 314 4125 ideoque
334 4037 453 4102 nullam
476 4035 580 4100 mutius
602 4036 875 4119 reciprocationem
899 4035 1002 4098 cieret.
1046 4035 1148 4122 Igitur
1169 4033 1331 4100 luminaria

105 4186 136 4248 (¹)
151 4193 164 4218 ⁸
182 4192 262 4240 Motus
278 4199 355 4238 ouum
373 4191 429 4238 dini.
475 4185 681 4243 Quemadmodum
746 4184 781 4249 (¹)
794 4190 807 4216 ⁶
819 4188 850 4233 In
861 4183 974 4246 triplicatd
984 4187 1071 4233 ratione
1081 4187 1244 4235 dinumerans
1261 4186 1327 4252 (cor.

79 4262 148 4311 ψ
160 4254 255 4317 quodvis
269 4252 358 4316 duplici
374 4253 397 4299 ri
412 4252 559 4299 sollicitatum
576 4250 600 4296 iu
617 4249 683 4296 lineis
717 4254 752 4296 1⁴.
768 4250 837 4310 Prop.
853 4249 950 4296 LXVI.
968 4249 1020 4295 Lib.
1036 4249 1077 4309 1.).

78 4312 154 4363 δὴ
168 4318 276 4383 progredi
292 4319 378 4380 nequit,
395 4315 436 4364 sed
452 4315 581 4379 conjunctis
596 4314 683 4360 viribus
746 4312 775 4375 (¹)
787 4317 800 4344 ·
813 4314 889 4361 Punld
899 4314 995 4374 mperes
1005 4316 1057 4365 arnt,
1074 4314 1104 4359 ob
1120 4314 1228 4377 majorem
1245 4314 1329 4362 virium

76 4380 268 4445 pvllelognmi
284 4380 431 4458 diagonalem
452 4379 533 4427 eodem
554 4377 625 4425 modo
640 4377 680 4424 de·
712 4378 891 4424 surnrnametin
902 4377 1046 4437 quadraturis
1056 4374 1126 4437 pauld
1135 4379 1330 4426 mmomobmi-

75 4445 140 4492 edit
148 4461 173 4493 at
184 4447 203 4495 ri
214 4445 286 4494 auid
293 4446 315 4491 ri
323 4443 391 4557 quaid
398 4444 526 4508 diagowis
533 4441 681 4489 directionem
713 4456 793 4487 uorem
805 4441 886 4486 virium
897 4441 1048 4488 differentiam
1059 4439 1129 4502 qur'nn
1137 4452 1239 4502 tempore
1247 4444 1331 4491 παίω.

75 4520 180 4585 Qasr
191 4513 242 4575 (⁴1.
254 4510 307 4559 Lib·
337 4509 358 4570 .)
370 4508 403 4556 iul
418 4518 495 4555 motus
510 4507 557 4554 bini
569 4521 627 4568 quos
645 4506 681 4580 lu-
745 4504 811 4580 (¹¹¹)''
829 4504 895 4553 Unde
905 4507 939 4572 fit
954 4513 982 4579 at
999 4515 1075 4583 ortas.
1096 4507 1135 4580 'Si
1150 4507 1212 4553 euim
1227 4506 1296 4553 Luna
1305 4509 1330 4553 in

72 4584 156 4622 Μ
171 4575 222 4622 hnc
240 4574 290 4621 duo
308 4583 409 4621 exertant
428 4586 475 4618 non
494 4583 617 4618 cernentur
634 4569 680 4616 dn·
713 4584 856 4630 syzygiamm
868 4567 1045 4616 alterisucrrca
1056 4583 1188 4632 pengeum,
1204 4581 1332 4632 astumque

72 4634 140 4694 fiad,
169 4638 209 4686 red
238 4648 329 4686 motum
356 4637 479 4700 quemdam
506 4634 606 4681 mixtum
632 4633 681 4681 cffi-
713 4635 840 4679 inanimum
862 4633 989 4693 conjunctis
1014 4647 1069 4679 cum
1096 4632 1149 4680 Sole
1168 4635 1256 4681 virilius
1275 4646 1332 4682 tuuc

69 4700 128 4749 dar,
433 4716 460 4743 -ι
713 4695 821 4755 temporis
832 4698 922 4753 excitet,
939 4711 1029 4744 necesse
1040 4706 1074 4745 ast
1084 4707 1111 4745 ut
1123 4698 1146 4744 in
1157 4698 1229 4746 alteri
1239 4697 1333 4761 syzygii

78 4765 123 4841 qq
134 4770 252 4879 affl
268 4774 290 4815 a
306 4766 544 4873 resturanmoqimqs,
561 4773 588 4809 ut
600 4760 682 4824 potis
713 4770 814 4871 :ienequr
832 4757 892 4806 ciret
910 4775 1031 4825 apogeum
1052 4762 1197 4826 minoresque
1214 4767 1273 4811 vires
1290 4766 1331 4809 ob-

66 4843 142 4879 Μ
258 4841 309 4878 uun
320 4843 430 4889 tempcm
440 4842 507 4874 crrun
525 4843 559 4872 us.
732 4839 772 4870 nea

92 4918 152 4967 Vos.
168 4919 198 4966 11
354 4990 358 4999 .
696 4911 708 4957 l
