3330 5692
82 571 165 637 Can.
178 570 244 651 IL]
465 573 531 639 AD
554 572 778 639 TERTIUM
803 573 1002 640 LIBRUM.
1318 600 1382 643 xxv

79 761 193 813 centro
215 746 329 812 sideris
349 747 489 813 efficiunt
502 762 598 814 rectae
614 751 645 816 A
661 751 695 827 Q
709 763 742 815 et
757 750 789 814 T
805 750 838 826 Q
853 771 894 815 ex
908 751 1002 815 oculo
1018 752 1050 816 A
1064 765 1097 816 et
1111 773 1152 817 ex
1166 764 1276 818 centro
1289 766 1384 820 terrae

80 858 115 925 Τ
128 859 170 924 sd
190 858 303 926 sideris
326 861 517 937 nentrqu
538 862 652 926 ductae.
700 861 875 926 Parallaxis
889 861 1063 926 altitudinis
1078 885 1150 948 quae
1164 875 1196 928 et
1212 863 1383 949 parallaxis
1486 857 1495 869 ⁸

78 967 268 1053 simpliciter
281 967 406 1046 dicitur,
423 982 471 1034 est
484 968 662 1036 differentia
675 972 758 1036 inter
772 970 954 1035 distantiam
971 970 998 1035 Z
1013 970 1045 1035 V
1059 993 1078 1035 a
1092 971 1197 1036 zenith
1213 973 1240 1038 Z
1254 995 1295 1038 ex
1310 973 1382 1040 loeo

79 1081 114 1145 A
129 1081 230 1144 visam
252 1093 286 1145 et
307 1080 486 1145 distantiam
507 1105 615 1148 veram
631 1083 658 1148 Z
675 1084 709 1160 S,
725 1080 791 1147 sive
806 1091 854 1146 est
867 1103 959 1146 arcus
976 1081 999 1146 S
1014 1079 1046 1142 V
1060 1081 1094 1144 in
1109 1081 1227 1147 circulo
1241 1084 1381 1149 verticuli

79 1192 107 1257 Z
126 1193 149 1258 S
166 1192 197 1255 V
213 1192 261 1270 Η,
285 1191 370 1256 unde
385 1190 584 1257 manifestum
599 1205 648 1258 est
661 1192 860 1258 altitudinem
874 1190 986 1256 sideris
1000 1213 1108 1256 veram
1121 1212 1181 1275 per
1193 1191 1380 1276 parallaxim

76 1303 181 1365 minui
206 1315 239 1366 et
265 1303 332 1388 ejus
356 1326 375 1366 a
400 1302 515 1367 vertice
539 1303 719 1368 distantiam
744 1303 863 1392 augeri,
889 1300 983 1390 atque
1005 1299 1079 1367 ided
1102 1301 1290 1388 parallaxim
1311 1326 1380 1368 esse

75 1412 260 1476 refractioni
277 1413 474 1477 contrariam.
515 1414 689 1479 Parallaxis
703 1413 907 1479 horizontalis
922 1425 971 1479 est
982 1414 1153 1500 parallaxis
1168 1415 1205 1480 X
1219 1415 1252 1493 h,
1269 1413 1380 1479 sideris

78 1524 109 1588 P
125 1526 158 1586 in
173 1523 338 1588 horizonte
354 1525 492 1589 sensibili
508 1526 539 1591 A
554 1526 577 1589 h
592 1525 783 1611 apparentis.
1407 1519 1409 1523 ’
1504 1578 1507 1583 .

124 1640 177 1698 29.
195 1631 372 1696 Parallaxis
390 1632 414 1698 S
429 1632 460 1694 V
475 1645 523 1697 est
537 1655 686 1698 mensura
705 1631 814 1721 anguli
830 1631 1023 1718 parallactici
1039 1633 1070 1698 A
1086 1631 1120 1709 Q
1134 1631 1176 1698 T.
1220 1633 1380 1721 iungatur

78 1743 112 1807 T
128 1743 169 1821 V,
191 1755 223 1807 et
243 1743 377 1831 angulus
401 1756 550 1808 externus
573 1745 604 1809 A
621 1743 654 1820 Q
670 1743 702 1808 T
716 1742 845 1830 aequalis
868 1742 928 1808 erit
942 1742 1067 1807 duobus
1082 1742 1213 1807 internis
1227 1742 1379 1827 oppositis

79 1850 210 1926 QTV
233 1861 265 1914 et
288 1850 432 1928 QVT;
455 1851 510 1916 sed
532 1851 666 1941 angulus
691 1850 817 1928 QVT
838 1848 1055 1927 sivdAVT,
1078 1849 1379 1916 evanescenteAT

77 1970 226 2043 respectu
244 1957 276 2021 T
291 1958 332 2036 V,
349 1958 455 2023 nullus
471 1971 519 2024 est
534 1959 594 2046 (9),
611 1957 687 2048 ergd
702 1958 837 2047 angulus
857 1958 1078 2044 parallacticus
1094 1958 1126 2022 A
1142 1956 1232 2036 QT,
1248 1957 1378 2045 oequalis

80 2080 129 2132 est
142 2065 262 2155 angulo
279 2065 312 2141 Q
328 2065 360 2130 T
376 2066 417 2143 V,
435 2089 491 2131 seu
508 2067 532 2133 S
547 2067 580 2132 T
594 2067 635 2144 V,
653 2068 741 2153 cujus
755 2088 904 2131 mensura
918 2075 966 2132 est
979 2088 1070 2130 arcus
1086 2065 1111 2133 S
1125 2065 1167 2130 V.

127 4326 177 4382 30.
203 4316 359 4381 Manente
384 4314 494 4379 sideris
520 4337 539 4377 a
566 4323 676 4377 centro
701 4321 795 4373 terrae
819 4303 976 4381 distantii,
1005 4301 1090 4367 sinus
1115 4301 1311 4388 parallaxeos
1333 4315 1380 4367 est

87 4423 125 4487 ad
148 4426 252 4488 sinum
277 4423 434 4488 distantiae
455 4423 530 4486 visae
552 4420 663 4485 sideris
685 4441 705 4482 a
723 4417 841 4481 vertiee
864 4415 897 4478 in
918 4412 1039 4477 ratione
1060 4410 1134 4476 dats
1156 4411 1380 4476 semidiametri

89 4534 206 4601 telluris
228 4534 270 4599 ad
292 4533 471 4598 distantiam
487 4531 598 4597 sideris
613 4553 633 4594 a
646 4541 757 4595 centro
772 4539 874 4591 terrae.
921 4523 1005 4588 Nam
1019 4524 1052 4586 in
1067 4521 1224 4611 triangulo
1239 4521 1271 4586 A
1287 4519 1321 4597 Q
1336 4518 1378 4598 T,

88 4655 132 4706 est
153 4642 185 4706 A
201 4641 235 4706 T
256 4641 298 4706 ad
321 4639 412 4717 QT,
436 4640 468 4702 in
491 4638 612 4703 ratione
634 4635 721 4700 simis
742 4633 851 4722 anguli
873 4629 1062 4716 parallactici
1079 4629 1110 4694 A
1126 4630 1159 4706 Q
1175 4628 1207 4692 T
1222 4625 1277 4693 seii
1294 4627 1379 4690 sinus

87 4751 280 4837 pamllnxeos
302 4749 343 4814 ad
365 4750 468 4813 sinum
491 4746 598 4836 anguli
614 4746 645 4812 T
661 4745 692 4812 A
709 4743 743 4821 Q
765 4739 829 4807 sivi
851 4739 892 4804 ad
915 4739 1018 4803 sinum
1039 4738 1195 4804 distantiae
1215 4738 1290 4800 visae
1306 4737 1333 4802 Z
1349 4737 1376 4801 V

85 4883 104 4924 a
127 4862 253 4940 vertice,
276 4872 310 4926 et
330 4857 413 4936 idad,
441 4857 521 4923 datis
545 4858 576 4923 A
599 4856 631 4921 T
653 4867 685 4921 et
712 4853 746 4931 Q
766 4852 807 4931 T,
833 4850 906 4915 data
927 4862 975 4915 est
997 4849 1076 4915 ratio
1098 4848 1223 4912 sinuum
1245 4844 1379 4910 illorum.
