3330 5692
291 552 367 613 xviii
770 552 1104 622 INTRODUCTIO
1432 554 1531 632 [Car.
1548 553 1576 619 I.

287 724 327 791 sit
350 725 389 789 M
413 726 450 803 P,
473 723 588 788 dantur
610 724 642 786 in
664 724 823 814 triangulo
839 729 862 793 S
880 727 919 791 M
935 727 962 791 P
976 727 1058 792 latus
1074 727 1103 792 P
1119 726 1142 791 S
1158 724 1420 812 complementum
1435 724 1576 791 declina-

285 833 378 898 tionis
400 844 432 895 et
452 829 584 918 angulus
600 828 645 893 AE
668 831 696 896 P
717 831 763 910 D,
786 835 874 919 cujus
889 847 937 897 est
950 855 1099 898 mensura
1114 832 1159 897 AE
1180 832 1225 910 D,
1242 855 1283 897 ex
1297 832 1359 919 qui
1373 834 1400 897 si
1415 832 1576 898 auferatur

286 939 444 1028 quadrans
459 937 504 1002 ΖΕ
519 949 562 1014 ψ,
579 935 705 1001 dabitur
719 943 861 1004 ascensio
876 953 962 1004 recta
976 952 1008 1000 ‘t’
1023 940 1069 1006 D.

331 1058 381 1116 19.
398 1049 449 1113 Ex
463 1047 642 1134 hujusmodi
657 1049 925 1114 observationibus
935 1062 968 1114 et
979 1048 1104 1114 calculis
1118 1049 1282 1113 inventum
1291 1058 1339 1112 est
1352 1046 1489 1111 lixarum
1503 1049 1575 1114 lati·

285 1154 407 1220 tudines
415 1154 622 1219 immutabiles
634 1177 712 1232 esse,
725 1155 936 1244 longitudines
946 1157 1022 1222 verb
1032 1179 1090 1243 per
1099 1156 1239 1243 singulos
1250 1178 1349 1220 annos
1360 1165 1402 1221 50
1414 1158 1573 1237 secundia,

283 1277 316 1329 et
328 1288 386 1351 per
399 1288 498 1330 annos
522 1272 562 1334 72
585 1264 686 1353 gradu
700 1288 764 1328 uno
779 1267 1017 1352 quamproxime
1039 1266 1156 1354 augeri.
1206 1263 1302 1330 Undis
1316 1263 1516 1330 manifestum
1535 1268 1574 1332 fit

283 1372 388 1438 stellas
410 1373 489 1435 fixas
510 1383 598 1433 motu
620 1371 750 1457 proprio
772 1372 828 1436 sed
849 1373 1022 1438 lentissimo
1042 1373 1077 1437 in
1097 1372 1221 1438 cuculis
1239 1372 1392 1457 eclipticas
1410 1373 1569 1458 parallelis

281 1482 431 1571 progredi
445 1484 479 1546 in
493 1483 725 1567 consequentia,
743 1495 798 1546 aut
811 1483 837 1547 si
853 1483 950 1548 stelloe
961 1484 1034 1547 fixae
1044 1483 1131 1547 omni
1145 1482 1274 1568 proprio
1289 1494 1376 1544 motu
1391 1483 1566 1566 priventur,

282 1606 399 1678 puncta
413 1593 641 1679 aequnoctialia
655 1593 785 1682 singulis
800 1593 889 1658 annis
904 1593 938 1655 iu
952 1592 1166 1657 antecedentia
1177 1591 1294 1655 moveri
1305 1612 1362 1675 per
1373 1613 1481 1655 arcum
1497 1597 1569 1674 50'',

282 1700 376 1788 atque
390 1701 460 1766 baec
474 1714 521 1766 est
533 1703 699 1787 praecessio
713 1703 971 1790 aequinoctiorum
982 1724 1023 1766 ex
1034 1701 1095 1788 qui
1110 1701 1147 1765 fit
1161 1715 1197 1765 ut
1209 1701 1264 1766 Sol
1278 1713 1367 1765 motu
1381 1704 1512 1787 proprio
1527 1704 1569 1768 ab

282 1812 469 1898 aequinoctio
489 1813 531 1876 ad
551 1813 635 1878 idem
657 1813 878 1900 aequinoctium
900 1810 990 1876 citius
1010 1822 1184 1875 revertatur
1197 1808 1293 1896 quim
1307 1833 1327 1873 a
1341 1809 1431 1875 stalli
1446 1811 1510 1875 fixi
1526 1813 1569 1877 ad

282 1919 423 1984 eandem.
482 1922 595 1985 Annus
624 1922 720 2008 igitur
749 1920 858 1985 solaris
884 1917 1108 2007 aequinoctialis
1136 1917 1261 1981 brevior
1285 1928 1334 1982 est
1358 1938 1442 1980 anno
1472 1921 1567 1985 solari

282 2029 413 2109 sidereo,
435 2032 497 2096 hoc
517 2044 565 2096 est
584 2032 710 2096 brevior
724 2041 771 2096 est
784 2043 925 2115 tempore
939 2029 1031 2093 urrius
1047 2025 1248 2090 revolutionis
1265 2025 1347 2090 Solis
1362 2049 1382 2089 a
1395 2026 1485 2092 stella
1500 2029 1566 2096 fixa

281 2137 323 2202 ad
344 2137 475 2202 eandem
496 2137 610 2214 fixsm3
633 2137 807 2202 differentia
821 2148 868 2200 est
883 2140 931 2201 20⁴
951 2135 1007 2203 17*
1024 2156 1087 2220 quo
1101 2146 1243 2218 tempore
1260 2132 1315 2198 Sol
1329 2145 1417 2197 motu
1436 2139 1567 2222 proprio

282 2269 389 2312 arcum
403 2251 461 2313 50‘'
477 2246 611 2311 coniicit
658 2247 715 2311 Est
729 2246 805 2335 ergo
820 2268 919 2310 armus
934 2245 1074 2309 sidereus
1090 2241 1204 2309 365⁶*-
1220 2240 1283 2308 6l0'·
1299 2245 1329 2308 9'
1347 2245 1413 2313 17⁰.

325 2360 377 2418 20.
402 2352 568 2418 Stellarum
582 2353 760 2418 distantiam
774 2352 906 2417 dicimus
920 2373 1028 2415 arcum
1044 2350 1152 2414 circuli
1166 2350 1296 2414 maximi
1310 2350 1391 2415 inter
1406 2351 1566 2417 stellarum

282 2477 389 2528 centra
408 2464 677 2550 comprehensum,
698 2476 762 2541 aut,
786 2461 872 2549 quod
897 2461 1007 2525 eodem
1029 2459 1121 2538 redit,
1144 2458 1294 2547 angulum
1317 2482 1410 2545 quem
1432 2475 1527 2526 rectae
1547 2487 1567 2527 a

282 2575 396 2639 centris
418 2574 578 2639 stellanrm
599 2573 640 2638 ad
661 2573 787 2638 oculum
802 2584 921 2656 specta-

281 2684 358 2747 toris
378 2683 482 2748 ductre
503 2683 649 2747 efficiunt,
696 2682 730 2748 Si
752 2704 813 2767 ope
827 2681 918 2744 semi·
1138 2715 1177 2775 Μ

283 2793 392 2857 circuli
422 2793 472 2857 vel
507 2792 689 2880 quadrantis
719 2791 921 2855 observentur
1002 2815 1008 2829 ·

281 2899 436 2966 distantiae
450 2900 548 2965 stelloe
562 2901 691 2986 alicujus
706 2900 746 2963 ab
761 2900 828 2964 aliis
843 2898 920 2962 dua·

279 3012 340 3076 bus
362 3011 456 3075 stellis
472 3033 604 3097 quarum
625 3009 791 3097 longitudo
805 3021 837 3072 et
849 3007 918 3071 lati·

282 3118 361 3182 tudo
375 3131 458 3182 notae
472 3132 554 3196 sunt,
578 3118 659 3181 illius
674 3139 798 3203 quoque
819 3116 919 3203 longi·
963 3168 992 3225 D

280 3227 358 3291 tudo
386 3241 418 3292 et
445 3226 577 3291 latitudo
608 3226 776 3290 dabuntur.
835 3223 917 3287 Nam

279 3347 347 3400 esto
369 3334 512 3420 ecliptica
538 3334 566 3398 E
594 3333 631 3409 L,
656 3334 748 3419 polus
773 3334 839 3417 ejus
867 3331 916 3408 M,

278 3443 377 3508 stellae
391 3453 475 3506 notae
489 3440 692 3528 longitudinis
703 3455 735 3507 et
748 3440 918 3505 latitudinis
977 3224 1244 3687 Έιι

280 3553 358 3618 Set
382 3551 418 3628 F,
441 3549 532 3613 tertia
553 3549 642 3613 stella
663 3550 706 3614 D.
752 3549 919 3640 Ducentur
1110 3553 1119 3599 t

280 3656 919 3734 meamusmmssnonnss
1021 3472 1520 3839 v

279 3783 312 3834 et
336 3770 376 3835 M
399 3771 427 3835 F
448 3771 489 3847 A,
513 3769 637 3854 sintque
658 3768 742 3833 dane
762 3768 918 3832 distamioe

279 3876 314 3943 D
327 3878 392 3942 Set
403 3876 436 3942 D
449 3879 485 3943 F.
516 3877 602 3954 Quia
613 3877 727 3942 dantur
737 3876 915 3941 latitudines

281 3983 304 4047 S
317 3983 345 4047 B
360 3995 392 4046 et
407 3984 477 4048 ΕΔ
491 3984 649 4049 stellarum
667 3985 733 4049 Set
745 3984 781 4061 F,
798 3984 957 4048 dabuntur
972 4007 1079 4049 earum
1093 3985 1321 4072 complementa
1337 3987 1361 4052 S
1376 3985 1416 4051 M
1430 3997 1462 4050 et
1478 3986 1506 4052 F
1521 3987 1561 4053 M

278 4112 350 4154 cum
365 4089 481 4176 angulo
494 4090 522 4156 B
535 4091 574 4155 M
586 4092 627 4168 A,
643 4092 730 4175 cujus
745 4112 891 4155 mensura
905 4103 952 4155 est
966 4114 1056 4156 arcus
1073 4093 1154 4169 BA,
1171 4092 1347 4157 differentia
1356 4092 1561 4180 longitudinis

277 4195 437 4260 stellarum
460 4197 483 4261 S
505 4212 537 4261 et
560 4198 596 4276 F,
612 4210 644 4263 et
658 4197 729 4262 ideo
744 4198 777 4261 in
791 4198 949 4285 triangulo
967 4200 990 4264 S
1006 4198 1033 4263 F
1049 4198 1098 4277 M,
1120 4199 1248 4265 dabitur
1264 4202 1287 4267 S
1304 4201 1340 4278 F,
1356 4224 1429 4266 cum
1443 4204 1561 4291 angulo

278 4302 359 4369 MS
383 4304 418 4367 F.
471 4302 563 4369 Datis
585 4307 617 4370 in
639 4306 796 4393 triangulo
817 4307 852 4372 D
874 4307 899 4372 S
922 4306 958 4384 F,
983 4307 1082 4372 tribus
1104 4307 1253 4372 lateribus
1275 4308 1402 4373 dabitur
1426 4311 1561 4398 angulus

278 4410 312 4474 D
329 4411 352 4475 S
369 4408 405 4486 F,
421 4421 453 4474 et
467 4410 493 4472 si
508 4433 548 4475 ex
564 4422 639 4478 860ο
654 4436 708 4478 seu
723 4425 858 4499 quatuor
873 4413 997 4500 angulis
1012 4415 1103 4479 rectis
1118 4414 1310 4479 subducatur
1324 4439 1447 4482 sununs
1460 4441 1561 4507 angu-

277 4518 379 4584 lorum
401 4519 544 4583 datorum
567 4522 600 4585 D
624 4524 648 4588 S
672 4523 699 4588 F
719 4521 1562 4613 etFSM,dabinrrangulusDSM,cumquoet

276 4629 358 4693 uotis
372 4629 519 4693 lateribus
534 4630 569 4695 D
586 4632 655 4695 Set
671 4633 694 4697 S
710 4632 759 4709 M,
786 4632 981 4717 reperientur
996 4632 1075 4697 latus
1092 4634 1131 4699 M
1145 4633 1180 4700 D
1195 4634 1458 4720 complementum
1472 4659 1561 4723 quoe-

278 4736 346 4802 sitae
359 4736 530 4802 latituduis
543 4736 642 4802 stelloe
656 4738 701 4816 D,
718 4752 751 4804 et
765 4739 898 4828 angulus
915 4739 943 4803 E
960 4739 999 4804 Μ
1011 4741 1040 4804 Β
1055 4742 1142 4825 cujus
1156 4763 1303 4807 mensura
1313 4755 1360 4807 est
1373 4766 1464 4809 arcus
1477 4745 1506 4809 Ε
1519 4746 1558 4823 B,
