3330 5692
203 513 265 569 ³40
451 495 717 575 INQUlSITlO
741 494 947 562 PHYSICA
970 497 1020 562 IN
1044 498 1240 566 CAUSAM

200 681 390 754 observetur,
419 678 524 762 etqui
546 677 578 738 in
600 673 751 759 ipsehoc
774 672 852 735 mari
873 686 1049 759 generatur.
1111 672 1194 738 Crim
1217 675 1302 738 enim
1323 674 1485 766 longitudo

200 788 292 873 hujus
314 788 467 850 merisne
490 796 531 850 60
553 785 679 870 quidem
701 783 817 870 gradus
832 784 974 870 attinget,
997 794 1093 847 aestus
1107 797 1201 848 erunt
1216 784 1319 849 multi»
1334 789 1483 864 minoren

197 895 380 960 decrescunt
394 893 477 957 enim
493 893 518 954 si
533 891 605 956 crim
620 889 782 977 longitudo
794 889 994 966 diminuatur,
1011 902 1077 953 tum
1095 890 1226 954 elevatio
1243 892 1310 976 poli
1326 909 1481 981 augeatur.

199 1003 296 1080 Quod
315 1004 341 1066 si
362 1025 439 1090 ergo
460 1002 493 1063 in
515 1000 563 1064 his
578 998 717 1063 formulis
732 998 864 1085 angulus
881 997 920 1062 M
937 998 964 1062 P
979 998 1012 1062 N
1026 1012 1164 1082 ponatur
1179 999 1244 1063 ferd
1261 1010 1305 1065 60
1320 1003 1480 1088 graduum,

196 1127 290 1199 etque
311 1112 441 1176 elevatio
461 1110 526 1194 poli
548 1109 652 1173 debita
673 1108 897 1186 introducatur,
925 1109 1121 1192 reperientur
1145 1110 1277 1196 quidem
1302 1127 1396 1177 estus
1420 1114 1480 1176 bini

196 1219 334 1304 quotidie
356 1219 479 1283 evenire
502 1215 624 1292 debere,
647 1214 701 1301 qui
722 1229 826 1278 autem
848 1213 943 1278 futuri
966 1215 1028 1279 sint
1046 1215 1145 1279 multi)
1160 1218 1311 1295 minores,
1334 1219 1425 1306 quim
1448 1220 1479 1281 in

195 1327 409 1402 mediomari,
431 1336 463 1388 et
484 1323 624 1407 pluribus
646 1321 806 1384 anomaliis
829 1322 967 1407 subjecti,
990 1345 1067 1408 quas
1089 1323 1218 1408 quidem
1242 1346 1351 1389 omnes
1365 1346 1406 1389 ex
1419 1325 1481 1388 lor·

195 1435 286 1497 mulis
308 1432 438 1497 definire
459 1430 573 1493 licebit
618 1428 776 1503 Quoniam
792 1450 868 1515 ergo
882 1441 944 1491 tam
961 1430 1066 1516 exigui
1082 1442 1178 1494 aestus
1193 1454 1211 1493 a
1227 1432 1332 1495 ventis
1344 1444 1378 1497 et
1390 1455 1477 1498 cursu

194 1565 293 1627 equae,
310 1541 364 1625 qui
378 1541 410 1601 in
425 1536 486 1600 hoc
501 1536 579 1599 mari
594 1535 738 1599 notabilis
752 1533 1006 1618 deprehenditur,
1022 1535 1226 1600 vehementer
1241 1539 1420 1616 turbantur,
1439 1539 1474 1603 ad

192 1649 340 1734 pleraque
361 1646 464 1709 littora
487 1644 578 1728 hujus
600 1643 694 1705 meris
719 1642 772 1705 vix
798 1664 929 1727 usquam
955 1655 1048 1706 aestus
1075 1643 1228 1730 regularis
1255 1644 1472 1711 observabitur.

194 1754 310 1836 Excipi
329 1764 433 1814 autern
449 1749 542 1813 debet
558 1748 651 1812 Mare
667 1747 871 1824 Adriaticum,
894 1746 978 1833 quod
996 1746 1069 1811 crim
1084 1750 1186 1811 sinum
1202 1749 1323 1816 formet
1336 1753 1469 1839 emplum,

193 1858 407 1922 advenientem
428 1878 540 1941 aquarn
561 1853 671 1917 melius
693 1853 827 1940 colliget,
851 1867 944 1938 atque
966 1853 1168 1918 elevationem
1188 1858 1294 1922 multo
1310 1860 1469 1924 sensibilio-

192 1988 258 2030 rem
279 1964 427 2050 parietur,
458 1986 477 2025 a
499 1983 562 2047 quo
588 1974 681 2024 vestus
706 1962 798 2023 maris
821 1961 960 2024 Venetiis
987 1960 1167 2026 observatus
1192 1965 1355 2053 originem
1379 1967 1465 2031 habe

193 2075 333 2140 Tametsi
355 2073 437 2136 euim
465 2069 557 2134 Mure
587 2067 854 2132 Mediterraneum
879 2089 942 2130 non
965 2067 1076 2146 solum,
1104 2071 1177 2133 satis
1203 2073 1347 2156 amplam
1370 2073 1464 2138 habeat

190 2184 395 2258 latitudinem,
419 2179 474 2244 sed
495 2179 587 2242 etiam
609 2175 808 2240 vehementer
829 2175 1026 2260 inequalem,
1049 2190 1154 2240 tamen
1174 2180 1337 2263 ejusmodi
1351 2183 1462 2246 mariun

190 2306 284 2357 aestus
309 2289 479 2356 admodum
504 2285 656 2374 exquisite
679 2307 720 2349 ex
744 2285 891 2370 proesenti
917 2308 1000 2363 casu,
1032 2309 1095 2372 quo
1124 2287 1327 2356 latitudinem
1352 2292 1459 2356 omuino

190 2399 387 2488 negligimus,
404 2395 510 2482 colligi
524 2407 636 2480 potest,
649 2394 723 2478 quia
733 2394 873 2456 extensio
887 2394 981 2456 maris
995 2395 1028 2456 in
1044 2395 1274 2483 longitudinem
1290 2401 1458 2485 praeeipuam

190 2530 314 2572 carnem
339 2518 471 2569 oestuum
495 2503 642 2566 binorum
668 2499 797 2587 singulis
823 2500 932 2563 diebus
958 2503 1165 2567 evenientium
1191 2507 1344 2584 continet,
1375 2525 1453 2591 neqve

189 2614 331 2680 extensio
345 2610 514 2676 latitudinis
528 2608 659 2672 multum
675 2605 823 2670 conferat

231 2729 254 2805 §.
273 2726 343 2785 129.
369 2717 526 2782 Ponamus
548 2736 632 2777 nunc
653 2712 769 2777 tractris
790 2712 890 2775 nostri
911 2714 1005 2776 man's
1027 2714 1256 2803 longitudinem
1279 2738 1442 2791 evanescere,
1503 2779 1506 2783 .

188 2844 350 2916 totumque
372 2840 505 2891 tractum
526 2825 560 2886 in
582 2822 692 2887 eodem
715 2821 887 2886 meridiano
910 2821 974 2906 Pp
994 2825 1034 2888 ab
1059 2826 1097 2891 M
1119 2851 1219 2914 usque
1233 2831 1274 2895 ad
1291 2830 1323 2895 N
1336 2824 1441 2898 medi

188 2942 232 3004 ita
248 2951 283 3002 ut
304 2938 344 3000 sit
367 2933 406 2998 M
419 2962 455 2988 =
469 2943 500 3010 0,
523 2953 555 2994 m
570 2959 604 2986 =
623 2938 636 2993 l
651 2954 660 3006 ;
683 2930 768 2992 sinus
783 2942 886 2992 autem
903 2928 965 2992 ele·

188 3045 318 3112 vationis
332 3043 397 3127 poli
419 3042 452 3102 in
468 3040 507 3105 M
522 3040 562 3103 sit
575 3067 610 3094 =
626 3038 664 3114 P,
687 3038 812 3101 cosinus
825 3065 860 3092 =
875 3059 906 3121 p,
930 3039 963 3099 in

190 3159 222 3222 N
244 3153 317 3220 verd
332 3154 373 3216 sit
387 3151 473 3214 sinus
489 3149 667 3212 elevationis
689 3147 753 3231 poli
767 3177 802 3204 =
820 3147 860 3223 R,
884 3149 962 3209 cosi-

186 3289 245 3329 nus
259 3292 293 3319 =
310 3283 334 3323 r.
380 3258 431 3321 Ex
446 3256 493 3318 his
509 3258 534 3318 si
551 3256 643 3319 Luna
657 3256 689 3318 in
707 3256 734 3318 L
749 3268 897 3330 versetur,
921 3255 962 3318 ob

187 3883 998 4049 aff-¹5³(q2o-r2-rn-nnm

185 4059 850 4230 err-n-Qss-fl:
869 4089 997 4225 sifi*

185 4236 1416 4434 (atqq-oonaupn-aerEQJ-r’ffl.
1499 4257 1508 4291 ²

184 4493 281 4568 Quod
295 4495 320 4556 si
336 4515 417 4556 nunc
436 4504 570 4577 ponatur
586 4488 663 4551 alter
678 4486 829 4549 terminus
852 4480 883 4544 N
906 4479 985 4542 ultre
1001 4489 1190 4562 aequatorenr
1205 4474 1309 4539 versus
1320 4477 1416 4582 tuslflm

183 4603 269 4676 situs,
293 4603 333 4664 ita
356 4616 390 4664 ut
413 4602 497 4664 sinus
519 4596 697 4661 elevationis
719 4594 784 4679 poli
809 4588 949 4655 australis
972 4588 1004 4649 in
1028 4585 1059 4648 N
1082 4584 1179 4668 duplo
1199 4586 1297 4669 major
1314 4582 1416 4660 sitque
1481 4574 1509 4626 ‘i

183 4709 268 4770 sinus
284 4708 462 4770 elevationis
476 4706 609 4769 borealis
624 4705 656 4767 in
679 4702 728 4777 M,
752 4723 805 4763 seu
824 4698 853 4761 R
870 4725 904 4751 =
920 4701 997 4756 —2
1016 4693 1087 4755 Pet
1103 4715 1167 4753 r=
1190 4695 1221 4753 a!
1241 4669 1416 4784 (1-4Plj
1481 4683 1509 4750 ’ἵε

182 4817 240 4882 erit
257 4813 306 4876 R5
322 4825 352 4887 4-
371 4814 396 4875 Ρ
408 4815 436 4875 R
448 4821 518 4874 -2
532 4809 578 4874 1³⁹
593 4836 623 4867 =
638 4820 668 4883 0,
686 4822 776 4890 atque
791 4803 921 4866 elevatio
936 4822 1025 4884 aquae
1043 4800 1073 4860 in
1090 4798 1129 4861 M
1145 4821 1239 4882 supra
1255 4796 1370 4861 libellam
1380 4786 1419 4842 2¹¹²
