3300 5678
204 611 263 668 196
488 594 859 663 &PH1L080PH1AE
882 593 1159 663 NATURALIS
1185 593 1269 674 [Du
1283 593 1511 661 Munnsrsr.

199 777 295 839 ticum
309 781 439 836 cometoe
453 770 545 856 hujus
559 771 776 847 determinare.
797 800 801 809 ¹
817 771 923 855 Atque
939 767 1006 833 brec
1020 770 1064 833 ita
1079 791 1115 832 se
1129 766 1325 844 habebunt,
1343 768 1371 830 si
1387 783 1508 845 ωιιειι,

199 889 301 973 spatio
316 905 469 948 annorum
484 883 681 971 septuaginta
691 883 839 968 quinque,
855 881 888 943 in
903 880 966 945 hoc
975 880 1052 945 orbe
1065 880 1211 964 posthac
1223 879 1376 943 redierit.
1406 880 1507 944 Come·

199 1011 240 1062 tae
255 994 365 1081 reliqui
380 995 490 1079 majori
505 1005 647 1078 tempore
661 991 780 1055 revolvi
793 990 938 1054 videntur
953 1002 985 1054 et
998 988 1091 1054 altitis
1105 987 1307 1053 ascendere.

242 1104 400 1168 Caeterum
421 1114 561 1178 cometae,
585 1101 627 1165 ob
649 1120 799 1187 magnum
813 1120 922 1162 eorum
937 1119 1113 1175 numerum,
1137 1109 1175 1161 et
1196 1118 1362 1184 magnam
1379 1096 1501 1180 ephebo

196 1235 266 1276 rurn
282 1235 301 1274 a
317 1210 390 1275 Sole
405 1208 592 1284 distantiam,
610 1220 641 1270 et
661 1206 789 1293 longam
802 1226 923 1268 moram
937 1205 971 1267 in
985 1203 1130 1288 aphdiis,
1147 1223 1216 1287 per
1238 1202 1420 1290 gravitates
1432 1204 1460 1266 in
1471 1227 1498 1268 se

195 1334 305 1386 mutuo
320 1319 462 1383 nonnihil
478 1318 595 1383 turbari
617 1317 741 1393 debent,
765 1331 797 1380 et
818 1337 927 1380 eorum
949 1314 1207 1378 eccentricitates
1223 1327 1259 1377 et
1275 1313 1495 1377 revolutionum

195 1444 341 1513 tempora
361 1449 446 1490 nunc
468 1425 575 1513 augeri
589 1422 826 1509 aliquantulum,
847 1444 932 1486 nunc
946 1420 1089 1486 diminui.
1136 1419 1297 1484 Proinde
1312 1441 1382 1484 non
1397 1437 1441 1484 est
1452 1443 1494 1485 es·

196 1539 385 1625 pectendum
402 1551 436 1602 ut
446 1549 567 1601 cometa
581 1536 664 1599 idern
679 1536 712 1598 in
724 1534 834 1598 eodem
848 1533 935 1610 orbe,
948 1546 979 1597 et
991 1532 1103 1597 iisdem
1113 1533 1331 1617 temporibus
1345 1533 1492 1617 periodica

193 1646 338 1712 accurate
360 1645 475 1710 redeat.
522 1643 643 1709 Sufficit
666 1643 693 1706 si
718 1642 904 1706 mutationes
928 1663 993 1706 non
1018 1642 1155 1726 majores
1179 1641 1393 1719 obvenerint,
1414 1641 1492 1729 quin

194 1781 264 1846 quae
279 1782 298 1823 a
312 1757 412 1821 causis
426 1755 585 1840 praedictis
601 1754 751 1818 oriantur.

236 1867 279 1931 Et
300 1866 374 1928 hinc
395 1864 474 1927 ratio
497 1862 646 1938 redditur,
672 1861 710 1947 (⁶)
733 1883 790 1925 cur
805 1872 936 1924 cornetoe
951 1879 1015 1921 non
1030 1857 1364 1942 comprehendantur
1377 1857 1489 1922 zodiaca

194 1997 279 2038 more
300 1974 507 2058 planetarum,
531 1971 586 2034 sed
608 1969 681 2033 inde
702 1971 838 2058 migrent
852 1983 884 2032 et
897 1968 1033 2031 motibus
1048 1967 1146 2030 variis
1163 1968 1201 2030 in
1217 1991 1341 2032 omnes
1355 1968 1487 2032 ooelorun

191 2082 334 2168 regiones
360 2079 506 2145 ferantur.
554 2077 678 2143 Scilicet
696 2099 734 2141 eo
758 2078 831 2154 fine,
856 2090 891 2141 ut
918 2077 953 2139 in
977 2074 1108 2160 apheliis
1130 2077 1213 2154 suis,
1242 2077 1306 2142 ubi
1330 2077 1486 2142 tardissni

222 2248 256 2312 (¹)
271 2253 322 2297 173.
338 2252 350 2279 ⁰
365 2253 413 2298 Cur
429 2252 522 2297 cometes
532 2265 580 2297 non
595 2249 817 2309 comprehendentur
850 2256 923 2294 totam
942 2245 1013 2294 sensit
1030 2245 1115 2294 clariss.
1130 2245 1178 2292 vir·
1218 2247 1360 2308 Oportetet
1374 2249 1452 2298 saliret
1462 2260 1484 2296 ιι

189 2317 289 2364 soiliaco.
326 2313 495 2361 Esobservato
506 2312 567 2373 sepe
579 2315 663 2371 sepius
673 2321 817 2359 cometarum
849 2320 940 2358 comm
961 2311 1001 2357 ills
1019 2307 1090 2372 psulti
1108 2322 1167 2357 ants
1198 2317 1240 2358 2⁷.
1263 2312 1336 2360 dian
1364 2314 1483 2362 Nune·-

189 2394 259 2426 cursu
281 2377 414 2440 retrogrado
436 2377 534 2424 deduxit
561 2377 692 2423 Nevvtoaus
716 2389 818 2423 comm
849 2390 890 2434 per
909 2374 998 2422 nodum
1019 2374 1204 2422 descendmtetn
1227 2378 1359 2426 trandcit
1378 2391 1403 2426 st
1419 2391 1482 2424 ιιι

189 2458 237 2489 non
248 2441 411 2502 comprehendi
423 2441 517 2488 zodiaco
527 2455 591 2486 more
602 2440 756 2501 planetarum,
773 2439 813 2486 sed
845 2439 908 2485 diem
934 2443 969 2486 17.
996 2438 1132 2486 Decembris
1153 2440 1187 2486 sd
1212 2442 1315 2488 nodum
1338 2441 1481 2490 muhe-

188 2506 244 2554 inde
260 2508 360 2569 migrare
375 2517 398 2552 et
415 2507 515 2552 motibus
532 2505 598 2551 variis
614 2505 638 2550 in
654 2519 734 2551 omnes
744 2504 814 2551 coelo-
845 2504 981 2563 pervenerit,
997 2500 1096 2564 ideoque
1106 2513 1204 2551 comas
1215 2506 1328 2553 breviori
1344 2506 1479 2569 qri‘nnffl

187 2586 241 2618 rum
252 2573 357 2633 regiones
367 2584 493 2616 excurrere.
533 2572 644 2615 Attamen
654 2568 741 2615 clariss.
756 2569 814 2616 Css·
845 2566 933 2615 mensis
943 2567 1069 2622 incenato,
1086 2577 1166 2614 totum
1179 2571 1293 2628 spatium
1305 2573 1374 2634 quod
1387 2584 1420 2618 es
1432 2567 1479 2616 ’ἀὲ

187 2635 254 2682 sinus
268 2635 294 2680 in
313 2635 422 2681 Monam.
437 2632 510 2680 Paris.
527 2648 565 2680 an.
584 2637 651 2681 17³1.
669 2631 815 2696 retrogradus
847 2631 944 2691 planum
957 2630 1067 2691 ecliptica
1083 2632 1223 2694 ιτιῇιοίωει.
1268 2633 1351 2683 Porro
1362 2634 1479 2682 ωιιιὼ

188 2709 334 2746 cometarum
346 2710 423 2744 motus
433 2696 463 2744 sd
474 2696 573 2744 directos
588 2695 687 2743 redusit.
724 2695 815 2743 Vertlm
846 2696 903 2742 citas
917 2707 980 2743 estet
992 2694 1204 2751 vensimilinrdine,
1224 2713 1275 2744 nec
1291 2699 1413 2746 concisuri
1426 2712 1479 2759 pn

187 2777 216 2809 eo
231 2762 329 2809 artificio
345 2762 419 2808 utitur
435 2761 470 2807 vir
479 2761 625 2808 doctissimus
640 2773 668 2807 ut
681 2759 815 2808 distantiam
847 2759 938 2807 videtin
959 2775 1013 2806 cum
1035 2758 1162 2809 otisemtis
1185 2761 1267 2824 longo
1291 2767 1405 2824 temperis
1419 2762 1479 2823 qd»

186 2836 283 2874 cometa
294 2843 308 2873 a
320 2825 393 2873 Termi
404 2824 440 2871 vel
453 2826 506 2872 Sole
517 2841 559 2886 pro
569 2824 663 2872 arbitrio
673 2835 781 2881 ιειιιιιιιι,
790 2836 814 2871 et
847 2824 918 2884 hujus
928 2834 1024 2881 comete
1036 2822 1151 2880 motibus3
1170 2825 1213 2872 hic
1223 2826 1298 2873 enirn
1309 2839 1478 2875 neeman

186 2889 257 2937 modo
275 2890 393 2936 Tellurem
411 2891 470 2935 inter
482 2890 558 2936 Solem
570 2900 593 2934 et
604 2899 725 2945 cometam,
743 2887 814 2935 inodo
845 2887 920 2934 oculis
938 2887 985 2935 eitd
1003 2904 1051 2934 sese
1065 2888 1226 2936 subduxisset„
1269 2893 1477 2954 Singuiuesplin·

186 2967 300 3001 cometam
317 2954 375 3000 inter
393 2954 471 3000 Solem
487 2965 510 2999 et
530 2953 649 3000 ‘tellurem
668 2969 695 2998 ac
713 2954 813 3015 denique
846 2953 983 3013 tionesque
994 2953 1018 2997 in
1034 2952 1133 2998 lococit.
1152 2953 1275 3002 Menum.
1296 2958 1372 3003 l’sris
1385 2957 1478 3019 legimns

188 3018 266 3064 Solent
279 3019 338 3064 inter
348 3029 461 3064 cornetum
476 3029 498 3063 et
517 3018 644 3073 Tellurem,
662 3033 704 3077 pro
715 3019 813 3064 necessi·
845 3032 978 3075 percurrere
990 3015 1083 3078 longitis
1094 3017 1162 3072 foret,
1176 3019 1235 3064 satis
1248 3021 1390 3068 eritsddere
1400 3037 1433 3068 α
1442 3022 1477 3065 bus

185 3092 238 3131 tate.
256 3082 358 3128 collocet.
396 3080 451 3136 Qut
468 3083 555 3128 ratione
572 3082 594 3127 id
612 3081 661 3127 lieri
679 3084 750 3140 possit
766 3097 812 3127 non
845 3082 991 3139 potissimum
1006 3081 1051 3126 fine
1062 3082 1209 3142 excogitatas
1219 3084 1301 3132 fuisse
1313 3097 1341 3133 ut
1352 3099 1476 3144 nempcssr·

185 3149 239 3192 satis
260 3147 405 3208 intelligitur,
429 3147 470 3191 nisi
495 3148 574 3208 ignota
593 3145 690 3192 omnino
710 3147 811 3207 tingatur
845 3156 936 3191 veretur
959 3156 982 3191 et
1005 3161 1019 3191 s
1039 3144 1178 3206 gravissimis
1197 3150 1340 3210 objectione
1359 3150 1476 3197 libereretur

185 3222 327 3256 cometarum
339 3211 441 3265 theoria3
454 3226 561 3257 concesso
572 3212 634 3255 enirn
646 3209 725 3270 aliquo
735 3225 812 3255 corne-
845 3209 958 3255 vorticum
970 3210 1107 3270 hypothesis.
1134 3210 1232 3257 Verum
1246 3214 1475 3275 hnexptiua‘mos

184 3285 262 3320 tarum
274 3286 403 3334 systemate,
416 3274 534 3320 distantias
546 3274 597 3320 illas
608 3289 649 3333 pro
661 3275 736 3320 lubitu
746 3290 811 3320 usur·
844 3274 984 3334 ceteroquin
1001 3273 1196 3335 ingeniosissimis
1212 3280 1331 3325 nondum
1342 3289 1416 3325 umen
1431 3291 1474 3336 wo·

184 3353 239 3397 pare
255 3355 302 3384 non
321 3339 381 3393 licet,
393 3339 433 3384 sed
445 3354 472 3384 es
488 3339 547 3385 datis
560 3350 668 3384 motuum
683 3339 809 3390 elementis.
845 3337 933 3397 positus
952 3337 1004 3384 linis
1022 3337 1118 3384 obtineri
1135 3339 1250 3399 videtur;
1270 3345 1336 3389 hene
1352 3347 1411 3389 enim
1423 3341 1474 3387 do

184 3415 327 3449 cometarum
348 3402 456 3449 distantia
475 3414 568 3464 totaque
585 3404 714 3465 trajectoria
736 3403 810 3449 deter-
843 3402 954 3448 cultatem
970 3402 1107 3463 effugientes
1123 3405 1245 3452 vorticum
1258 3411 1364 3467 ριιωιιί,
1380 3409 1402 3453 in
1415 3406 1473 3451 slim

184 3468 310 3512 minantur.
347 3468 385 3513 sic
407 3468 515 3514 Halleius
537 3467 641 3513 delinivit
658 3467 811 3528 trajectorism
843 3464 973 3512 incurrunt.
1009 3465 1133 3526 Oporteret
1151 3468 1278 3530 siquidem
1300 3483 1329 3518 ut
1346 3483 1473 3518 comaron

183 3542 279 3577 cornetae
290 3531 330 3593 qui
342 3531 408 3576 annis
421 3537 490 3578 1664·
503 3541 526 3578 et
545 3536 612 3579 1665.
626 3530 739 3591 apparuit.
778 3532 811 3578 Ut
844 3530 940 3576 vortices
951 3530 1026 3589 ipsum
1040 3529 1121 3577 saltem
1134 3531 1246 3580 Telluris
1259 3537 1375 3583 vorticem
1391 3537 1472 3580 ιιιιιιο·

183 3605 262 3640 autern
283 3595 443 3655 retrogradum
464 3596 535 3657 hujus
556 3606 652 3642 comete
670 3605 760 3641 motum
780 3595 809 3643 nd
841 3605 928 3650 csrent,
939 3593 1002 3657 quod
1014 3595 1063 3640 sine
1074 3595 1192 3642 vorticum
1204 3602 1471 3658 penurbetiometsu·

183 3659 296 3706 directum
315 3661 409 3707 reducat
427 3659 511 3705 clariss.
535 3661 652 3713 Cassinus,
671 3659 740 3706 talem
755 3661 809 3706 hnic
841 3657 1109 3705 demdestructionelieri
1118 3665 1405 3727 possononintelligitur.
1416 3663 1471 3708 Ali·

183 3736 279 3770 cometus
290 3735 381 3771 motum
392 3723 472 3770 tribuit
479 3724 518 3784 qui
531 3739 586 3770 cnm
599 3723 688 3770 Hslleii
699 3735 809 3783 computo
841 3723 980 3783 hypotheses
991 3723 1107 3769 finxerunt
1118 3724 1168 3769 alii·
1207 3727 1320 3781 Quidem
1332 3728 1470 3775 connube-

183 3802 329 3849 nequaquam
340 3787 455 3834 convenit·
491 3788 571 3842 Quem
583 3787 654 3847 probe
666 3800 810 3834 tamencum
843 3788 944 3833 buerunt
955 3797 1063 3849 tanquam
1081 3787 1189 3846 planetes
1201 3806 1251 3837 non
1263 3793 1330 3839 cited
1343 3794 1417 3840 onim
1426 3805 1470 3835 uo·

182 3853 379 3898 observationibus
389 3852 475 3898 theoria
486 3863 606 3913 congruat,
621 3852 721 3898 ostendit
732 3852 810 3898 tabula
842 3861 911 3904 uum,
924 3851 965 3897 sed
975 3853 1035 3899 circs
1046 3852 1117 3897 alium
1129 3853 1197 3900 velut
1209 3867 1324 3903 connum
1336 3857 1470 3904 moisem

182 3915 252 3974 paulo
260 3915 313 3963 ante
321 3915 429 3962 exhibita
457 3916 570 3971 Quamvis
581 3916 658 3976 itaque
666 3916 810 3977 retrogrsdos
843 3915 960 3961 Nonnulli
976 3917 1157 3962 eoshsbuerunt
1169 3919 1238 3965 velut
1255 3921 1370 3968 satellioes
1384 3920 1469 3980 olm

181 3993 323 4027 cometarum
340 3992 417 4026 motus
427 3981 457 4026 sd
468 3981 565 4026 directos
580 3978 702 4042 ingeniosi
712 3991 761 4026 arte
772 3996 807 4026 re-
840 3980 961 4041 cujusdsm
980 3980 1081 4039 primarii
1100 3981 1125 4025 in
1142 3994 1227 4029 nostro
1248 3988 1339 4033 vortice
1355 3983 1467 4036 mosomo

181 4043 273 4090 duxerit
286 4044 404 4099 Cassinus,
415 4059 462 4090 non
474 4045 497 4090 id
509 4056 586 4091 tamen
595 4045 648 4090 saus
656 4060 705 4090 esse
713 4044 808 4090 srbitra-
839 4044 880 4104 qui
891 4054 968 4090 tamen
979 4048 1009 4089 ob
1020 4045 1145 4089 marimum
1162 4046 1230 4093 illius
1241 4066 1257 4094 s
1270 4053 1339 4097 nobis
1349 4050 1468 4095 ὥιιιιιιιιι

181 4122 234 4154 mur
246 4121 272 4155 ut
282 4125 334 4156 earn
345 4109 474 4170 rejiciamus
482 4120 625 4155 cometarum
636 4109 747 4155 tlreoriam
755 4124 808 4170 quse
840 4109 942 4168 conspici
959 4123 1005 4154 non
1023 4118 1104 4166 potest,
1120 4110 1151 4154 ita*
1165 4124 1193 4157 ut
1205 4125 1310 4160 comete
1320 4131 1361 4161 seu
1373 4114 1468 4159 sutell'an

180 4173 339 4230 phaenomenis
357 4172 460 4232 apprime
481 4172 610 4232 respondet,
634 4184 703 4234 atque
725 4172 806 4218 incerti
839 4188 888 4217 sese
906 4173 971 4218 nobis
989 4172 1101 4218 duutarst
1115 4177 1262 4234 conspicuos
1279 4185 1402 4238 prebeant,
1417 4176 1467 4221 dun

180 4235 229 4282 sine
239 4237 286 4282 unt
297 4236 385 4284 tlreorid
396 4252 505 4283 erremus.
539 4236 653 4284 Praetered
664 4237 734 4283 talem
744 4238 806 4283 orbi·
839 4235 863 4281 in
876 4236 977 4282 inferiori
990 4248 1012 4282 et
1024 4236 1126 4282 'l'elluris
1134 4241 1276 4296 proximiori
1289 4246 1413 4290 orbitarum
1423 4255 1466 4285 sus·

179 4310 227 4345 tarn
239 4301 348 4359 praedicto
359 4313 454 4348 cometae
465 4302 566 4363 assignat
583 4301 693 4347 Cassinus
705 4312 729 4347 ut
741 4300 806 4346 ertrtl
838 4314 891 4345 rum
903 4311 966 4360 parte
976 4313 1101 4346 versentur.
1140 4303 1188 4349 Sed
1200 4322 1216 4350 ιι
1229 4306 1389 4354 Νοιιιοιιὶιαίι
1399 4320 1466 4351 cane·

179 4367 258 4409 orbern
269 4381 375 4411 annuum
387 4364 434 4411 sere
445 4381 490 4410 non
499 4364 766 4427 excurrat3quodsircs
774 4364 807 4411 ist
839 4373 915 4409 tarum
937 4365 1031 4420 uicerit,
1053 4380 1106 4424 quae
1129 4367 1301 4425 phrenontenis
1323 4382 1464 4418 consum

178 4443 204 4474 se
215 4429 313 4485 liaberet,
326 4431 364 4475 hie
375 4441 465 4476 cometa
477 4431 661 4489 inconspectum
673 4427 719 4475 citd
727 4430 805 4475 rediis-
838 4440 880 4482 est,
892 4444 1037 4490 nequaquam
1049 4444 1091 4474 nos
1103 4445 1226 4479 removere
1237 4435 1329 4483 debent
1344 4437 1466 4497 hyporien

178 4501 220 4545 set,
237 4504 338 4538 cometus
352 4493 414 4539 enim
429 4494 459 4539 ad
475 4494 599 4539 marimum
610 4495 703 4555 quoque
718 4493 805 4539 distan·
839 4492 885 4537 illis
896 4509 949 4555 quae
959 4508 1010 4538 eam
1021 4492 1136 4540 duntaxat
1151 4500 1184 4542 ob
1201 4513 1301 4546 causant
1314 4503 1425 4547 subtiliter
1436 4513 1465 4542 to·

177 4556 233 4602 tiam
253 4557 389 4614 conspicuos
408 4573 457 4603 esse
472 4568 561 4604 constat
578 4573 605 4603 es
623 4556 715 4603 defectu
731 4558 805 4616 paral·
839 4567 913 4604 ventre
929 4570 984 4603 sunt
1003 4567 1029 4603 ut
1048 4571 1180 4605 servaretur
1200 4564 1321 4611 vorticum
1340 4564 1463 4624 hvpothflls

177 4623 263 4665 lareos·
300 4620 349 4665 Nec
361 4622 456 4667 feliciori
468 4637 576 4667 successu
588 4622 617 4667 ad
630 4632 719 4666 motum
731 4623 805 4667 direc·
837 4635 907 4681 quarn
927 4621 978 4667 aliis
997 4623 1076 4667 multis
1095 4623 1283 4674 difficulmiuus
1302 4613 1375 4690 premi
1394 4641 1464 4688 prm

176 4695 227 4729 tuni
250 4683 329 4729 reduci
352 4702 417 4743 posse
444 4687 534 4731 videtur
556 4699 632 4731 rnotus
659 4685 805 4746 retrogradus
837 4684 987 4731 ostendimus.
1025 4688 1143 4732 Ceterum
1152 4690 1274 4752 quidquid
1287 4690 1465 4741 nebiensem

176 4759 320 4793 eometaeun.
339 4753 405 4794 1680.
432 4749 495 4794 Nam
507 4749 668 4811 preterquam
680 4751 804 4810 quodem·
836 4748 945 4802 diximus.
958 4761 981 4795 ct
992 4749 1047 4809 ipsa,
1060 4764 1130 4808 prout
1141 4757 1213 4802 nobis
1225 4772 1307 4804 visum
1318 4772 1360 4814 est,
1377 4760 1463 4804 ιιιίω-

177 4827 230 4856 neni
242 4823 385 4858 cometarum
396 4813 506 4858 theoriam
519 4815 577 4858 lictis
588 4816 617 4859 ad
629 4814 748 4859 arbitrium
761 4815 802 4873 ny.
837 4822 872 4857 tas
882 4824 905 4859 et
916 4825 1126 4862 commentatorum
1143 4817 1256 4868 officium
1269 4839 1284 4870 s
1299 4825 1366 4872 nolis
1376 4821 1465 4886 pistule

175 4878 308 4931 pothtsibus
318 4877 387 4922 everti
400 4891 492 4922 necesse
503 4877 538 4924 sit.
552 4879 575 4922 in
587 4878 739 4936 explicatione
749 4879 804 4925 cas·
837 4880 898 4924 bunt

175 4939 220 4983 sini
242 4942 376 5002 gravissima
404 4941 502 4986 occurrit
524 4941 647 4988 difficultas
668 4945 736 5003 cujus
758 4943 803 4988 vim
