3330 5692
342 591 533 660 FLUXUS
557 594 617 658 AC
641 594 897 662 REFLUXUS
921 592 1080 662 MARIS.
1167 538 1170 543 ·
1292 607 1350 665 311

61 763 130 828 nim
156 764 248 831 Luna
272 764 315 831 ad
337 767 528 853 aquatorem
551 771 721 847 versentur,
748 769 782 834 id
808 770 987 856 quodcum
1011 769 1204 855 experientia
1223 770 1356 836 mirifice

62 873 216 939 convenit
262 873 424 949 Quoniam
445 887 549 939 autem
570 876 640 962 haec
661 899 703 940 ex
724 876 830 941 valore
850 877 949 961 ipsius
963 900 986 964 g
1000 889 1140 941 assumto
1155 863 1354 965 consequun-

61 995 124 1060 tur,
146 983 300 1069 imprimis
323 986 425 1050 notari
447 998 581 1071 oportet,
605 986 740 1051 litteram
757 1007 860 1074 gnon
878 1008 972 1071 posse
986 984 1127 1050 absoluti
1142 985 1353 1066 determinari,

59 1088 117 1153 sed
131 1091 197 1175 ejus
212 1091 428 1177 quantitatem,
453 1094 570 1178 quippe
584 1115 656 1178 quae
670 1094 876 1158 mobilitatem
891 1094 986 1158 totius
1001 1094 1111 1158 oceani
1131 1107 1260 1179 spectat,
1284 1093 1356 1159 crim

59 1197 100 1261 ab
122 1199 306 1264 extensione
326 1197 395 1264 trim
408 1199 510 1264 'etiam
531 1199 744 1285 profunditate
766 1201 861 1264 maris
882 1200 1039 1286 pendere3
1062 1222 1103 1265 ex
1124 1223 1188 1287 quo
1208 1202 1301 1266 variis
1322 1202 1356 1265 in

59 1307 136 1373 locis
151 1307 222 1374 berc
235 1309 347 1374 eadem
361 1309 465 1374 littera
477 1333 510 1398 g,
526 1310 627 1374 varias
643 1310 888 1398 significationes
903 1311 1058 1374 sortietur.

104 1421 200 1499 589.
225 1416 277 1481 Ex
298 1417 452 1482 solutione
473 1417 587 1481 horum
609 1416 745 1481 duorum
764 1416 1007 1494 Problematum,
1024 1437 1095 1503 quae
1117 1415 1244 1503 quidem
1265 1417 1299 1481 in
1321 1439 1356 1482 se

34 1535 42 1542 '
60 1536 204 1611 spectata
223 1546 289 1589 non
310 1524 413 1590 solum
433 1535 507 1589 sunt
527 1525 699 1590 attentione
720 1524 827 1613 digna,
851 1525 906 1590 sed
928 1525 1022 1589 etiam
1037 1523 1109 1589 crim
1123 1525 1265 1612 analysin
1284 1522 1354 1591 tiam

57 1634 155 1700 etiam
179 1634 284 1699 motis
307 1635 474 1699 scientiam
493 1634 695 1719 amplificant,
723 1633 863 1720 quamvis
885 1655 924 1697 ea
944 1654 1052 1698 casum
1070 1633 1268 1718 propositum
1288 1655 1354 1700 non

56 1741 183 1826 peninar
208 1740 405 1820 exhaurirent,
431 1755 537 1806 tamen
561 1756 665 1807 motus
687 1742 720 1804 in
744 1740 994 1826 praecedentibus
1019 1739 1181 1824 Capitibus
1203 1738 1351 1805 delinitus

57 1846 160 1913 multd
180 1849 280 1937 magis
302 1870 374 1913 cum
396 1850 588 1935 experientiti
614 1849 806 1926 conciliatur,
834 1848 867 1912 id
889 1848 974 1935 quod
999 1848 1129 1913 theoriae
1151 1860 1268 1912 nostrae
1285 1850 1353 1934 jam

55 1958 180 2048 insigne
194 1959 283 2024 addit
296 1960 539 2025 firmamentum.
585 1961 686 2025 Simili
705 1973 810 2024 autem
825 1958 922 2023 modo
937 1958 983 2022 vis
997 1980 1017 2021 a
1033 1958 1106 2023 Sole
1122 1956 1263 2042 profecta
1278 1980 1353 2022 cum

59 2065 171 2133 inertie
186 2090 277 2154 aquae
291 2080 395 2154 potest
409 2069 566 2155 conjungi,
583 2081 676 2155 atque
690 2083 785 2134 aestus
800 2068 893 2133 maris
916 2067 1049 2145 deliniri,
1070 2067 1223 2154 quatenus
1245 2090 1264 2130 a
1284 2067 1350 2132 soll

63 2175 95 2240 vi
122 2175 204 2241 Solis
228 2176 338 2252 oritur,
365 2177 479 2261 quibus
500 2176 623 2241 duobus
645 2177 805 2242 effectibus
826 2176 1052 2265 conjungendis
1072 2175 1215 2262 judicare
1236 2176 1352 2256 licebit,

58 2294 193 2369 quantus
215 2296 310 2347 aestus
334 2283 444 2369 quovis
470 2297 612 2369 tempore
638 2299 669 2349 et
691 2287 800 2372 quovis
823 2286 894 2350 loco
917 2286 1030 2349 debeat
1051 2285 1185 2350 evenire.
1231 2285 1271 2350 In
1291 2286 1353 2352 hoc

57 2397 187 2485 quidem
201 2397 314 2483 Capite
329 2399 532 2487 cogitationes
549 2399 652 2464 adhuc
667 2401 707 2464 ab
722 2401 867 2465 omnibus
887 2400 1055 2464 obstaculis
1070 2423 1089 2464 a
1104 2400 1205 2464 Terri
1224 2413 1256 2464 et
1269 2401 1353 2466 litto-

57 2508 147 2582 ribus
160 2509 302 2573 oriundis
315 2531 445 2595 prorsus
461 2510 679 2588 abstrahimus,
700 2523 792 2597 atque
807 2511 983 2575 universam
999 2510 1134 2574 Terram
1149 2509 1354 2597 undiquaque

57 2613 142 2701 aqui
165 2615 383 2680 circumfusam
404 2618 567 2702 ponimus3
594 2641 643 2701 ex?
656 2642 719 2706 quo
741 2619 864 2707 regulas
886 2618 960 2684 hinc
982 2631 1070 2684 natas
1091 2618 1250 2704 praecipue
1272 2620 1354 2704 ejus-
1440 2616 1445 2633 '

57 2721 146 2787 modi
171 2721 451 2802 observationibus,
475 2746 546 2811 quae
568 2726 600 2789 in
623 2726 815 2811 amplissimo
836 2749 954 2791 oceano
974 2726 1059 2812 apud
1079 2727 1208 2815 exiguas
1229 2726 1354 2792 Insulas

57 2847 132 2901 nint
144 2835 306 2911 institute,
322 2836 457 2901 conferri
477 2839 649 2902 conveniet.
695 2837 853 2914 Quoniam
868 2851 972 2902 autem
986 2837 1126 2901 nondum
1141 2836 1243 2901 monis
1259 2860 1349 2924 aquoe

58 2945 261 3033 progressivi,
284 2967 349 3031 quo
370 2945 553 3010 alternative
567 2944 608 3009 ad
629 2946 709 3022 loca,
732 2946 765 3009 in
780 2944 893 3032 quibus
911 2945 1016 3009 fluxus
1031 2957 1062 3009 et
1075 2943 1215 3008 refluxus
1230 2939 1352 3024 accidit,

58 3056 262 3146 progreditur
287 3071 318 3121 et
343 3057 469 3136 recedit,
497 3059 650 3123 rationem
675 3057 852 3134 habuimus,
876 3079 1003 3121 necesse
1027 3069 1075 3120 est
1097 3068 1133 3119 ut
1154 3055 1247 3119 etiam
1268 3055 1354 3120 hunc

57 3181 179 3230 motum
193 3179 226 3231 et
239 3166 449 3251 phaenomena
462 3168 536 3232 inde
552 3181 621 3232 orta
636 3166 891 3250 contemplemur.
938 3166 988 3230 Ac
1001 3163 1106 3250 primb
1120 3163 1247 3251 quidem
1261 3165 1351 3230 facile

59 3276 255 3364 intelligitur,
283 3275 355 3339 clm
380 3278 421 3341 ob
444 3273 701 3363 inertiam'aquae
722 3272 790 3339 nim
811 3275 904 3339 etiam
926 3274 987 3338 alia
1008 3272 1231 3359 impedimenta
1251 3275 1352 3339 motui

59 3385 214 3471 opposita,
236 3406 349 3471 aquam
374 3397 437 3448 tam
459 3383 577 3449 tarditls
603 3383 716 3448 elevari
739 3382 833 3469 quam
855 3381 990 3466 deprimi
1011 3373 1168 3467 oportere,
1192 3378 1286 3466 quim
1307 3374 1349 3446 ex

57 3493 158 3558 allatis
183 3493 333 3558 hactenus
359 3494 576 3580 consequitur:
610 3493 695 3558 unde
719 3492 833 3557 fluxus
848 3513 913 3555 non
939 3490 979 3554 ad
1003 3491 1150 3555 transitus
1173 3489 1276 3553 Lunoe
1294 3513 1352 3576 per

56 3603 265 3668 meridianum
281 3604 472 3691 contingent,
488 3604 544 3668 sed
560 3604 719 3690 aliquanto
733 3600 832 3669 serias
846 3602 998 3679 evenient,
1022 3601 1150 3665 omnino
1165 3601 1211 3665 uti
1226 3601 1350 3687 experi-

57 3718 141 3781 entia
153 3729 294 3782 testatur.

98 3833 123 3910 §.
140 3835 193 3891 90.
218 3826 302 3891 Haec
317 3838 421 3891 autem
438 3828 605 3893 retardatio
626 3828 758 3913 praecisd
771 3827 813 3892 ad
828 3826 982 3892 calculum
997 3824 1136 3890 revocari
1150 3845 1215 3888 non
1232 3834 1346 3909 potest,

56 3939 130 4023 qnia
150 3962 170 4003 a
192 3954 279 4004 motu
301 3964 392 4027 aquae
413 3943 541 4028 ejusque
562 3941 773 4026 profunditate
787 3940 956 4025 plurimum
972 3936 1118 4023 pendeat,
1135 3935 1243 4020 prouti
1257 3934 1351 3998 etiam

58 4044 201 4110 ridemus
216 4047 249 4109 in
264 4047 394 4111 diversis
416 4047 492 4111 locis
508 4070 577 4112 earn
592 4048 793 4113 vehementer
807 4070 875 4112 esse
890 4046 1055 4122 diversam,
1078 4056 1171 4130 atque
1186 4042 1254 4106 aliis
1274 4042 1351 4107 locis

55 4154 177 4217 fluxum
192 4156 374 4243 contingere
388 4169 462 4241 post
480 4157 581 4221 Lunae
597 4158 852 4222 culminationem
863 4157 962 4221 tribus
975 4154 1061 4219 horis
1072 4153 1214 4218 nondum
1225 4152 1349 4237 elapsis,

55 4265 122 4329 aliis
146 4264 223 4330 verb
248 4267 325 4331 locis
348 4266 420 4352 plus
440 4267 534 4353 quim
556 4268 723 4333 duodecim
745 4269 832 4333 horis
850 4266 970 4332 tardids
991 4266 1107 4344 venire,
1129 4285 1200 4351 quae
1222 4263 1350 4349 quidem

55 4375 185 4465 insignis
208 4377 379 4442 retardatio
403 4378 575 4443 Terrarum
592 4379 741 4464 positioni
758 4392 806 4444 est
833 4376 1056 4452 adscribenda3
1094 4374 1221 4438 interim
1244 4386 1350 4437 tamen

56 4483 128 4549 hinc
151 4484 340 4550 sufficienter
363 4498 484 4550 constat
506 4500 627 4551 motum
650 4487 745 4550 maris
770 4471 941 4550 admodum
966 4506 1059 4570 posse
1081 4480 1236 4567 impediri.
1283 4480 1349 4544 Pro

59 4593 165 4656 eodem
180 4592 256 4657 verb
269 4593 341 4658 loco
356 4595 429 4658 satis
444 4594 618 4658 luculenter
633 4593 830 4679 perspicitur,
847 4592 910 4680 qub
924 4593 1025 4677 major
1035 4603 1129 4677 atque
1143 4586 1350 4652 altiorfluxus

57 4706 180 4770 evenire
206 4705 328 4784 debeat,
355 4705 394 4770 eb
418 4704 537 4770 tardids
563 4706 698 4770 eundem
721 4705 862 4769 accidere
885 4715 1041 4789 oportere.
1094 4697 1192 4776 Quod
1216 4695 1350 4760 sienim

59 4828 150 4879 astos
163 4818 325 4905 contingat
338 4817 460 4882 infinite
474 4840 602 4902 parvus,
618 4817 751 4881 dubium
766 4829 813 4880 cst
826 4814 959 4893 nullum,
980 4814 1056 4901 quin
1071 4812 1097 4876 is
1112 4823 1194 4876 stato
1208 4822 1349 4890 tempore

62 4920 211 5004 adveniat,
228 4925 301 4991 crim
316 4927 547 5012 impedimentis
562 4927 623 4993 hoc
639 4950 712 4992 casu
725 4949 765 4992 ne
781 4927 868 4992 locus
878 4926 1005 5013 quidem
1017 4922 1205 4990 concedatur
1216 4914 1349 5004 agendi:
