3300 5678
322 527 384 584 284
567 520 833 598 INQUISITIO
859 518 1066 586 PHYSICA
1088 516 1139 581 IN
1164 508 1360 580 CAUSAM

322 688 510 756 servatioues
535 686 614 749 ratio
638 685 753 769 poterit
778 684 910 748 inveniri
942 685 1024 747 inter
1050 683 1129 747 vires
1157 683 1238 748 Solis
1264 696 1296 746 et
1326 681 1431 746 Lunae
1455 679 1613 757 absolutas

323 802 393 867 Set
408 801 447 878 L,
464 821 535 886 quae
551 813 598 864 est
613 800 681 883 ipsa
695 799 744 862 via
760 798 821 885 qud
847 799 1019 863 Newtonus
1034 811 1171 862 0510505
1184 798 1227 862 ad
1240 799 1304 862 vim
1320 796 1425 862 Lunoe
1439 797 1614 861 absolutam

321 907 543 983 definiendam,
567 904 639 970 crim
653 908 700 970 vis
718 907 799 972 Solis
818 907 857 971 sit
879 908 1024 995 cognitar
1048 905 1133 992 quod
1147 907 1320 994 negotium,
1336 904 1411 969 ciun
1425 928 1445 968 a
1462 904 1614 969 Nevvtouo

322 1038 386 1078 non
402 1014 474 1077 satis
490 1011 634 1076 accurati
650 1013 689 1077 sit
703 1024 937 1097 pertractatum,
960 1035 1017 1076 nos
1039 1013 1072 1075 id
1088 1036 1128 1076 ex
1142 1015 1209 1077 istis
1224 1014 1386 1098 principiis
1402 1013 1614 1098 expediemus

323 1125 492 1210 Exprimat
513 1125 610 1211 igitur
631 1147 664 1187 m
684 1143 693 1189 :
715 1146 738 1187 n
752 1125 905 1188 rationem
927 1123 1161 1187 intervallorum
1177 1145 1297 1201 eorum,
1319 1145 1379 1207 per
1394 1144 1470 1208 quoe
1485 1144 1615 1188 0000005

321 1237 354 1299 10
380 1235 455 1298 dato
481 1234 594 1298 Terrae
624 1234 704 1310 loco,
742 1233 815 1297 crim
844 1235 878 1297 in
908 1233 1040 1320 syzygiis
1067 1232 1268 1296 luminarium
1294 1253 1393 1318 quum
1419 1230 1617 1317 quadrabuis

321 1356 462 1426 tempore
483 1341 754 1427 aequinoctiorum,
778 1339 976 1403 ascendendo
990 1338 1272 1424 descendendoque
1294 1337 1479 1413 oscillatur3
1501 1339 1617 1425 eritque

322 1442 1616 1614 mtn=8pp(2-S-ff†2-L-w):Q;S'3-P⁹-Q-⁹l-QR;01

324 1700 386 1788 qud
401 1699 524 1764 elicitur
538 1699 598 1762 ista
619 1699 782 1783 proportio
797 1718 829 1758 m
846 1672 923 1816 (05ἰ
944 1718 978 1782 4
995 1655 1147 1840 ἓξὲξ)
1162 1717 1237 1758 -0
1254 1714 1262 1760 2
1282 1718 1314 1758 m
1333 1718 1367 1782 4
1383 1717 1454 1758 n=
1477 1659 1616 1825 ,ᾗδὲ

325 1935 366 1976 ex
381 1911 441 1997 qud
457 1909 529 1975 crlm
544 1909 618 1973 data
633 1910 672 1972 sit
685 1909 732 1971 vis
747 1933 766 1972 a
790 1909 863 1972 Sole
878 1919 947 1971 orta
961 1870 1016 2028 8-83,
1038 1906 1204 1970 deducitur
1218 1872 1298 1970 visa
1313 1907 1406 1972 Luni
1422 1870 1617 2035 oriunda}⁴

327 2083 438 2147 saltem
463 2079 619 2166 proxime.
676 2080 879 2144 Instituamus
902 2078 1055 2142 calculum
1081 2099 1140 2161 pro
1165 2078 1437 2144 observationibus
1464 2081 1498 2143 in
1526 2080 1617 2144 Portu

250 2238 252 2244 ·
328 2191 450 2257 Gratiae
467 2188 594 2274 (Havre
608 2187 648 2252 de
665 2187 783 2267 Grace)
800 2186 898 2264 sactis,
916 2209 956 2249 ex
972 2185 1085 2271 quibus
1100 2184 1265 2271 diligenter
1280 2187 1362 2250 inter
1379 2210 1414 2250 se
1431 2187 1553 2251 collatis
1565 2209 1617 2273 pro

328 2300 451 2364 ratione
474 2320 506 2360 m
535 2315 543 2362 :
572 2319 593 2359 n
615 2295 721 2381 prodit
742 2296 801 2358 ista
825 2302 863 2363 17
885 2312 894 2359 :
919 2302 968 2357 ll.
1016 2290 1097 2358 Cum
1119 2292 1215 2377 igitur
1228 2291 1320 2376 hujus
1334 2292 1397 2357 loci
1413 2293 1550 2358 elevatio
1561 2293 1616 2380 poli

329 2409 369 2470 sit
391 2406 514 2471 circiter
528 2404 593 2468 50⁰.
609 2405 668 2467 erit
691 2403 719 2467 P
733 2433 768 2460 =
784 2403 842 2465 sin.
860 2400 923 2466 50⁰.
941 2414 973 2465 et
988 2400 1022 2475 Q
1035 2429 1071 2456 =
1086 2398 1143 2461 sin.
1160 2397 1224 2462 23⁰.
1241 2401 1324 2473 2923
1347 2398 1491 2487 hincque
1511 2424 1569 2488 qq
1584 2411 1613 2476 4

331 2513 462 2591 P²Q²
994 2513 1017 2577 S
1080 2508 1109 2574 L

344 2585 512 2701 πε
530 2562 666 2629 nossa:
695 2575 735 2616 ex
750 2575 813 2638 quo
827 2551 1026 2678 prouiuita-³
1041 2569 1049 2615 :
1065 2583 1169 2676 15³²
1186 2526 1301 2626 10050
1329 2567 1338 2616 :
1370 2558 1436 2627 as;
1460 2552 1505 2615 iu
1528 2567 1562 2617 ut
1578 2552 1618 2614 vu

330 2765 432 2830 Lunae
450 2728 505 2894 51³3
519 2769 559 2833 sit
573 2766 638 2832 fere
654 2766 829 2854 quadrupla
844 2767 889 2829 vis
907 2765 988 2830 Solis
1004 2726 1059 2892 gs?
1077 2776 1112 2828 ut
1121 2765 1187 2849 jam
1203 2762 1377 2831 Newtouus
1388 2789 1432 2831 ex
1444 2768 1513 2832 aliis
1523 2768 1617 2834 obser·

330 2939 506 3002 rationibus
522 2940 694 3004 conclusit:
713 2953 805 3024 atque
821 2938 903 3001 hanc
918 2938 960 3000 ob
972 2958 1037 3000 rem
1054 2936 1150 3022 ipsius
1162 2935 1457 3002 determinationem
1471 2941 1518 3004 vis
1531 2941 1616 3005 Lunoe

332 3044 484 3108 absoluta
501 3046 530 3110 L
546 3047 739 3110 retinuimus.

375 3160 398 3236 1.
416 3164 467 3220 56.
494 3157 528 3220 Si
544 3157 623 3232 haec,
641 3180 712 3241 quae
735 3155 774 3218 de
796 3155 1026 3218 combinatione
1041 3155 1153 3216 virium
1172 3154 1295 3218 Lunam
1313 3155 1487 3242 Solemque
1505 3157 1615 3241 respici·

333 3263 456 3325 entibus
479 3277 552 3326 sunt
574 3263 676 3339 allata,
700 3261 846 3326 attentius
868 3261 1116 3338 considerentur,
1140 3283 1214 3323 mox
1229 3262 1349 3346 patebit
1364 3265 1523 3328 maximos
1538 3278 1615 3326 metus

332 3385 510 3434 menstruos
526 3371 557 3433 in
572 3371 732 3433 novilunia
754 3393 790 3434 ac
812 3370 983 3453 plenilunio
1002 3369 1140 3433 incidere
1155 3368 1290 3445 debere3
1313 3367 1363 3432 his
1379 3373 1468 3434 enim
1484 3373 1614 3456 tempori·

333 3478 392 3541 bus
408 3493 472 3542 tam
487 3479 618 3543 elevatio
633 3501 723 3566 aquae
739 3479 832 3565 quim
848 3479 1007 3563 depressio
1022 3501 1041 3540 a
1056 3477 1150 3541 Luna
1165 3476 1298 3540 oriunda
1312 3500 1332 3538 a
1348 3478 1378 3540 vi
1396 3480 1482 3543 Solis
1497 3479 1614 3543 maxim

334 3588 508 3672 adjuvatur,
526 3587 597 3652 crim
613 3589 723 3653 eodem
740 3602 889 3673 tempore,
914 3610 977 3674 quo
999 3588 1090 3650 Luna
1108 3611 1220 3672 aquam
1236 3588 1373 3650 maxime
1394 3591 1446 3653 vel
1468 3592 1565 3655 elevat
1578 3587 1614 3651 rel

334 3695 492 3781 deprimit,
509 3698 602 3761 simul
625 3722 749 3786 quoque
767 3700 849 3764 Solis
863 3700 909 3762 vis
925 3721 1039 3784 aquam
1054 3698 1190 3761 maxime
1211 3699 1261 3762 vel
1283 3700 1383 3764 elevat
1398 3702 1452 3766 vel
1467 3702 1613 3787 deprimat

336 3804 374 3867 ln
397 3804 594 3890 quadraturis
617 3819 721 3868 autem
743 3806 794 3869 hae
816 3806 888 3869 duae
911 3807 991 3869 vires
1014 3805 1077 3868 ferd
1099 3805 1253 3889 perpetui)
1274 3807 1476 3887 dissentiunt,
1500 3833 1537 3874 ac
1554 3809 1613 3872 duu

336 3910 429 3974 Luna
450 3934 563 3997 000010
584 3912 720 3976 maxime
741 3913 791 3976 vel
813 3913 913 3976 elevat
933 3913 982 3975 vel
1005 3911 1160 3996 deprimit,
1185 3913 1296 3977 eodem
1317 3932 1464 4001 tempore
1488 3917 1542 3984 Sol
1556 3936 1613 3981 000-

334 4023 465 4086 trarium
487 4025 588 4087 exerit
609 4023 764 4101 effectmn,
788 4047 963 4110 aquamque
984 4024 1121 4086 maxime
1144 4025 1193 4086 vel
1215 4024 1364 4108 deprimit
1379 4029 1433 4091 vel
1459 4029 1567 4104 elevat,
1584 4045 1614 4088 0

337 4150 400 4212 000
414 4131 577 4193 minimum
593 4131 760 4194 discrimen
776 4131 856 4194 inter
871 4153 1026 4216 quemque
1040 4131 1161 4192 fluxum
1172 4153 1209 4192 00
1221 4130 1467 4216 subsequentem
1479 4135 1613 4200 refluxum

335 4240 560 4319 observabitur,
587 4256 743 4329 aestusque
769 4257 862 4306 erunt
886 4243 1017 4304 minimi.
1075 4242 1291 4317 Quamobrem
1316 4244 1404 4308 circa
1429 4245 1507 4311 alias
1532 4247 1613 4311 Lam

335 4345 448 4430 phases
472 4364 566 4413 aestus
588 4351 683 4414 maris
703 4349 842 4414 medium
859 4363 964 4414 teneat
977 4351 1059 4414 inter
1074 4351 1245 4413 maximum
1260 4352 1495 4441 minimumque
1508 4373 1613 4419 000611

336 4470 392 4534 est,
417 4459 491 4543 quia
512 4473 579 4523 tum
600 4462 682 4524 vires
699 4461 781 4525 Solis
796 4483 832 4524 ac
849 4461 951 4525 Lunae
965 4483 1024 4523 nec
1038 4459 1167 4523 omnini)
1182 4463 1375 4545 conspirant,
1400 4487 1461 4530 nec
1476 4467 1534 4531 sibi
1553 4463 1614 4528 iuvi·

335 4587 404 4628 cem
418 4565 631 4632 adversantur.
679 4571 741 4634 Per
756 4583 857 4633 totum
871 4584 976 4634 autam
990 4592 1107 4632 annum
1123 4571 1236 4657 quibus
1251 4572 1424 4638 noviluniis
1438 4575 1613 4660 plenilrmiis·

336 4696 397 4758 que
412 4677 566 4740 maximus
582 4680 703 4743 eveniat
718 4694 822 4758 aestus,
840 4681 1015 4767 quibusque
1026 4681 1224 4766 quadraturis
1234 4684 1384 4748 minimus
1396 4702 1493 4751 aestus
1504 4704 1614 4772 respon·

336 4779 417 4854 desit,
441 4780 581 4845 absolute
603 4784 670 4847 sine
692 4800 835 4870 respectu
859 4787 898 4849 ad
922 4788 1016 4850 situm
1039 4786 1099 4849 loci
1122 4787 1229 4852 habito
1249 4789 1375 4854 definiri
1399 4794 1518 4881 nequit.
1560 4789 1613 4855 Sub
