<?xml version="1.0" encoding="UTF-8"?>
<!DOCTYPE html PUBLIC "-//W3C//DTD XHTML 1.0 Transitional//EN"
    "http://www.w3.org/TR/xhtml1/DTD/xhtml1-transitional.dtd">
<html xmlns="http://www.w3.org/1999/xhtml" xml:lang="en" lang="en">
 <head>
  <title>
</title>
<meta http-equiv="Content-Type" content="text/html;charset=utf-8" />
  <meta name='ocr-system' content='tesseract 3.04.00' />
  <meta name='ocr-capabilities' content='ocr_page ocr_carea ocr_par ocr_line ocrx_word'/>
</head>
<body>
  <div class='ocr_page' id='page_1' title='image "./philosophiaenat01newtgoog_0361.png"; bbox 0 0 3300 5678; ppageno 0'>
   <div class='ocr_carea' id='block_1_1' title="bbox 495 891 778 2010">
    <p class='ocr_par' dir='ltr' id='par_1_1' title="bbox 495 891 778 2010">
     <span class='ocr_line' id='line_1_1' title="bbox 498 891 778 969; baseline -0.007 -13"><span class='ocrx_word' id='word_1_1' title='bbox 498 902 595 969; x_wconf 87' lang='lat'>0‚000</span> <span class='ocrx_word' id='word_1_2' title='bbox 609 891 778 956; x_wconf 89' lang='lat' dir='ltr'>descendit.</span> 
     </span>
     <span class='ocr_line' id='line_1_2' title="bbox 497 978 777 1056; baseline -0.011 -12"><span class='ocrx_word' id='word_1_3' title='bbox 497 989 594 1056; x_wconf 85' lang='lat'>0,500</span> <span class='ocrx_word' id='word_1_4' title='bbox 608 978 777 1041; x_wconf 76' lang='lat' dir='ltr'>descendit.</span> 
     </span>
     <span class='ocr_line' id='line_1_3' title="bbox 497 1064 777 1142; baseline -0.011 -12"><span class='ocrx_word' id='word_1_5' title='bbox 497 1075 594 1142; x_wconf 84' lang='lat'>0,860</span> <span class='ocrx_word' id='word_1_6' title='bbox 608 1064 777 1128; x_wconf 77' lang='lat' dir='ltr'>descendit.</span> 
     </span>
     <span class='ocr_line' id='line_1_4' title="bbox 500 1151 776 1229; baseline 0.007 -14"><span class='ocrx_word' id='word_1_7' title='bbox 500 1162 592 1229; x_wconf 88' lang='lat'>1‚000</span> <span class='ocrx_word' id='word_1_8' title='bbox 608 1151 776 1217; x_wconf 86' lang='lat' dir='ltr'>descendit.</span> 
     </span>
     <span class='ocr_line' id='line_1_5' title="bbox 497 1237 776 1316; baseline -0.004 -13"><span class='ocrx_word' id='word_1_9' title='bbox 497 1249 593 1316; x_wconf 90' lang='lat'>0,860</span> <span class='ocrx_word' id='word_1_10' title='bbox 608 1237 776 1302; x_wconf 87' lang='lat' dir='ltr'>descendit.</span> 
     </span>
     <span class='ocr_line' id='line_1_6' title="bbox 496 1325 776 1403; baseline -0.004 -13"><span class='ocrx_word' id='word_1_11' title='bbox 496 1336 593 1403; x_wconf 85' lang='lat'>0‚500</span> <span class='ocrx_word' id='word_1_12' title='bbox 608 1325 776 1390; x_wconf 86' lang='lat' dir='ltr'>descendit.</span> 
     </span>
     <span class='ocr_line' id='line_1_7' title="bbox 496 1412 756 1489; baseline -0.012 -12"><span class='ocrx_word' id='word_1_13' title='bbox 496 1423 593 1489; x_wconf 87' lang='lat'>0,000</span> <span class='ocrx_word' id='word_1_14' title='bbox 608 1412 756 1475; x_wconf 82' lang='lat' dir='ltr'>ascendit.</span> 
     </span>
     <span class='ocr_line' id='line_1_8' title="bbox 496 1497 755 1576; baseline -0.012 -13"><span class='ocrx_word' id='word_1_15' title='bbox 496 1510 593 1576; x_wconf 86' lang='lat' dir='ltr'>0,5oo</span> <span class='ocrx_word' id='word_1_16' title='bbox 608 1497 755 1562; x_wconf 86' lang='lat' dir='ltr'>ascendit.</span> 
     </span>
     <span class='ocr_line' id='line_1_9' title="bbox 496 1585 754 1663; baseline -0.004 -14"><span class='ocrx_word' id='word_1_17' title='bbox 496 1596 592 1663; x_wconf 86' lang='lat'>0,860</span> <span class='ocrx_word' id='word_1_18' title='bbox 608 1585 754 1648; x_wconf 74' lang='lat' dir='ltr'>ascendit.</span> 
     </span>
     <span class='ocr_line' id='line_1_10' title="bbox 500 1671 755 1747; baseline -0.004 -13"><span class='ocrx_word' id='word_1_19' title='bbox 500 1681 593 1747; x_wconf 90' lang='lat'>1‚000</span> <span class='ocrx_word' id='word_1_20' title='bbox 608 1671 755 1734; x_wconf 89' lang='lat' dir='ltr'>ascendit.</span> 
     </span>
     <span class='ocr_line' id='line_1_11' title="bbox 495 1759 753 1836; baseline -0.008 -13"><span class='ocrx_word' id='word_1_21' title='bbox 495 1769 591 1836; x_wconf 89' lang='lat'>0,860</span> <span class='ocrx_word' id='word_1_22' title='bbox 607 1759 753 1822; x_wconf 75' lang='lat' dir='ltr'>ascendit</span> 
     </span>
     <span class='ocr_line' id='line_1_12' title="bbox 497 1845 754 1921; baseline -0.016 -10"><span class='ocrx_word' id='word_1_23' title='bbox 497 1856 592 1921; x_wconf 85' lang='lat'>0‚500</span> <span class='ocrx_word' id='word_1_24' title='bbox 607 1845 754 1908; x_wconf 91' lang='lat' dir='ltr'>ascendit.</span> 
     </span>
     <span class='ocr_line' id='line_1_13' title="bbox 496 1931 774 2010; baseline -0.011 -14"><span class='ocrx_word' id='word_1_25' title='bbox 496 1943 592 2010; x_wconf 89' lang='lat'>0,000</span> <span class='ocrx_word' id='word_1_26' title='bbox 607 1931 774 1996; x_wconf 84' lang='lat' dir='ltr'>descendit.</span> 
     </span>
    </p>
   </div>
   <div class='ocr_carea' id='block_1_2' title="bbox 338 446 1066 514">
    <p class='ocr_par' dir='ltr' id='par_1_2' title="bbox 338 446 1066 514">
     <span class='ocr_line' id='line_1_14' title="bbox 338 446 1066 514; baseline 0 -3"><span class='ocrx_word' id='word_1_27' title='bbox 338 446 364 511; x_wconf 90' lang='lat' dir='ltr'>F</span> <span class='ocrx_word' id='word_1_28' title='bbox 366 446 525 514; x_wconf 89' lang='lat' dir='ltr'>LUXUS</span> <span class='ocrx_word' id='word_1_29' title='bbox 548 449 608 512; x_wconf 80' lang='lat' dir='ltr'>AC</span> <span class='ocrx_word' id='word_1_30' title='bbox 637 448 887 514; x_wconf 85' lang='lat' dir='ltr'>REFLUXUS</span> <span class='ocrx_word' id='word_1_31' title='bbox 910 447 1066 513; x_wconf 77' lang='lat' dir='ltr'>Marus.</span> 
     </span>
    </p>
   </div>
   <div class='ocr_carea' id='block_1_3' title="bbox 937 889 1252 2007">
    <p class='ocr_par' dir='ltr' id='par_1_3' title="bbox 937 889 1252 2007">
     <span class='ocr_line' id='line_1_15' title="bbox 945 889 1252 965; baseline 0.003 -13"><span class='ocrx_word' id='word_1_32' title='bbox 945 896 1037 965; x_wconf 83' lang='lat'>1,067</span> <span class='ocrx_word' id='word_1_33' title='bbox 1053 889 1084 950; x_wconf 93' lang='lat' dir='ltr'>in</span> <span class='ocrx_word' id='word_1_34' title='bbox 1100 909 1252 954; x_wconf 81' lang='lat' dir='ltr'>oceasum.</span> 
     </span>
     <span class='ocr_line' id='line_1_16' title="bbox 941 975 1252 1053; baseline 0 -12"><span class='ocrx_word' id='word_1_35' title='bbox 941 984 1036 1053; x_wconf 74' lang='lat'>0,927</span> <span class='ocrx_word' id='word_1_36' title='bbox 1053 975 1083 1037; x_wconf 92' lang='lat' dir='ltr'>in</span> <span class='ocrx_word' id='word_1_37' title='bbox 1099 996 1252 1041; x_wconf 83' lang='lat' dir='ltr'>oceasum.</span> 
     </span>
     <span class='ocr_line' id='line_1_17' title="bbox 940 1062 1251 1139; baseline -0.003 -11"><span class='ocrx_word' id='word_1_38' title='bbox 940 1072 1036 1139; x_wconf 85' lang='lat'><strong>0‚567</strong></span> <span class='ocrx_word' id='word_1_39' title='bbox 1052 1062 1083 1124; x_wconf 91' lang='lat' dir='ltr'>in</span> <span class='ocrx_word' id='word_1_40' title='bbox 1099 1084 1251 1127; x_wconf 88' lang='lat' dir='ltr'>occasum.</span> 
     </span>
     <span class='ocr_line' id='line_1_18' title="bbox 941 1150 1249 1226; baseline 0 -12"><span class='ocrx_word' id='word_1_41' title='bbox 941 1159 1036 1226; x_wconf 86' lang='lat'><strong>0‚067</strong></span> <span class='ocrx_word' id='word_1_42' title='bbox 1052 1150 1083 1211; x_wconf 95' lang='lat' dir='ltr'>in</span> <span class='ocrx_word' id='word_1_43' title='bbox 1098 1171 1249 1215; x_wconf 88' lang='lat' dir='ltr'>occasum.</span> 
     </span>
     <span class='ocr_line' id='line_1_19' title="bbox 940 1235 1210 1314; baseline -0.004 -13"><span class='ocrx_word' id='word_1_44' title='bbox 940 1246 1036 1314; x_wconf 72' lang='lat' dir='ltr'>arsa</span> <span class='ocrx_word' id='word_1_45' title='bbox 1052 1235 1084 1298; x_wconf 88' lang='lat' dir='ltr'>in</span> <span class='ocrx_word' id='word_1_46' title='bbox 1098 1249 1210 1300; x_wconf 79' lang='lat' dir='ltr'>ortum.</span> 
     </span>
     <span class='ocr_line' id='line_1_20' title="bbox 940 1324 1209 1399; baseline -0.004 -11"><span class='ocrx_word' id='word_1_47' title='bbox 940 1332 1036 1399; x_wconf 70' lang='lat'>0,792</span> <span class='ocrx_word' id='word_1_48' title='bbox 1051 1324 1082 1385; x_wconf 93' lang='lat' dir='ltr'>in</span> <span class='ocrx_word' id='word_1_49' title='bbox 1097 1336 1209 1387; x_wconf 89' lang='lat' dir='ltr'>ortam.</span> 
     </span>
     <span class='ocr_line' id='line_1_21' title="bbox 941 1412 1210 1487; baseline -0.007 -12"><span class='ocrx_word' id='word_1_50' title='bbox 941 1419 1036 1487; x_wconf 76' lang='lat'><strong>0‚982</strong></span> <span class='ocrx_word' id='word_1_51' title='bbox 1052 1412 1083 1473; x_wconf 86' lang='lat' dir='ltr'>in</span> <span class='ocrx_word' id='word_1_52' title='bbox 1098 1427 1210 1473; x_wconf 86' lang='lat' dir='ltr'>ortum.</span> 
     </span>
     <span class='ocr_line' id='line_1_22' title="bbox 940 1497 1210 1572; baseline -0.007 -10"><span class='ocrx_word' id='word_1_53' title='bbox 940 1506 1036 1572; x_wconf 76' lang='lat'><strong>0‚792</strong></span> <span class='ocrx_word' id='word_1_54' title='bbox 1051 1497 1083 1558; x_wconf 91' lang='lat' dir='ltr'>in</span> <span class='ocrx_word' id='word_1_55' title='bbox 1099 1509 1210 1560; x_wconf 91' lang='lat' dir='ltr'>ortum.</span> 
     </span>
     <span class='ocr_line' id='line_1_23' title="bbox 940 1585 1209 1660; baseline -0.004 -13"><span class='ocrx_word' id='word_1_56' title='bbox 940 1592 1036 1660; x_wconf 72' lang='lat'>0,482</span> <span class='ocrx_word' id='word_1_57' title='bbox 1051 1585 1081 1646; x_wconf 95' lang='lat' dir='ltr'>in</span> <span class='ocrx_word' id='word_1_58' title='bbox 1098 1599 1209 1647; x_wconf 89' lang='lat' dir='ltr'>ortum.</span> 
     </span>
     <span class='ocr_line' id='line_1_24' title="bbox 937 1670 1249 1747; baseline 0 -13"><span class='ocrx_word' id='word_1_59' title='bbox 937 1679 1032 1747; x_wconf 82' lang='lat'>0,067</span> <span class='ocrx_word' id='word_1_60' title='bbox 1050 1670 1081 1732; x_wconf 96' lang='lat' dir='ltr'>in</span> <span class='ocrx_word' id='word_1_61' title='bbox 1097 1692 1249 1734; x_wconf 87' lang='lat' dir='ltr'>occasum.</span> 
     </span>
     <span class='ocr_line' id='line_1_25' title="bbox 938 1759 1249 1834; baseline -0.01 -13"><span class='ocrx_word' id='word_1_62' title='bbox 938 1767 1033 1834; x_wconf 85' lang='lat'>0,567</span> <span class='ocrx_word' id='word_1_63' title='bbox 1049 1759 1082 1820; x_wconf 92' lang='lat' dir='ltr'>in</span> <span class='ocrx_word' id='word_1_64' title='bbox 1097 1780 1249 1821; x_wconf 91' lang='lat' dir='ltr'>occasum.</span> 
     </span>
     <span class='ocr_line' id='line_1_26' title="bbox 939 1845 1248 1920; baseline -0.003 -12"><span class='ocrx_word' id='word_1_65' title='bbox 939 1853 1033 1920; x_wconf 72' lang='lat'><strong>0‚927</strong></span> <span class='ocrx_word' id='word_1_66' title='bbox 1050 1845 1082 1907; x_wconf 93' lang='lat' dir='ltr'>in</span> <span class='ocrx_word' id='word_1_67' title='bbox 1096 1867 1248 1908; x_wconf 89' lang='lat' dir='ltr'>occasum.</span> 
     </span>
     <span class='ocr_line' id='line_1_27' title="bbox 941 1932 1248 2007; baseline 0 -14"><span class='ocrx_word' id='word_1_68' title='bbox 941 1940 1033 2007; x_wconf 88' lang='lat'><strong>1‚067</strong></span> <span class='ocrx_word' id='word_1_69' title='bbox 1050 1932 1081 1994; x_wconf 95' lang='lat' dir='ltr'>in</span> <span class='ocrx_word' id='word_1_70' title='bbox 1096 1953 1248 1994; x_wconf 86' lang='lat' dir='ltr'>occasum.</span> 
     </span>
    </p>
   </div>
   <div class='ocr_carea' id='block_1_4' title="bbox 1275 450 1335 511">
    <p class='ocr_par' dir='ltr' id='par_1_4' title="bbox 1275 450 1335 511">
     <span class='ocr_line' id='line_1_28' title="bbox 1275 450 1335 511; baseline 0.067 -5"><span class='ocrx_word' id='word_1_71' title='bbox 1275 450 1335 511; x_wconf 77' lang='lat'>317</span> 
     </span>
    </p>
   </div>
   <div class='ocr_carea' id='block_1_5' title="bbox 88 718 1308 804">
    <p class='ocr_par' dir='ltr' id='par_1_5' title="bbox 88 718 1308 804">
     <span class='ocr_line' id='line_1_29' title="bbox 88 718 1308 804; baseline -0.007 -18"><span class='ocrx_word' id='word_1_72' title='bbox 88 726 176 786; x_wconf 84' lang='lat' dir='ltr'>Horoe</span> <span class='ocrx_word' id='word_1_73' title='bbox 185 734 246 804; x_wconf 78' lang='lat' dir='ltr'>pont</span> <span class='ocrx_word' id='word_1_74' title='bbox 260 726 288 783; x_wconf 90' lang='lat' dir='ltr'><em>F</em></span> <span class='ocrx_word' id='word_1_75' title='bbox 286 726 385 784; x_wconf 53' lang='lat' dir='ltr'>&amp;aaa</span> <span class='ocrx_word' id='word_1_76' title='bbox 441 725 573 785; x_wconf 68' lang='lat' dir='ltr'>Celeriter</span> <span class='ocrx_word' id='word_1_77' title='bbox 586 723 681 783; x_wconf 76' lang='lat' dir='ltr'>Mare</span> <span class='ocrx_word' id='word_1_78' title='bbox 693 724 838 784; x_wconf 64' lang='lat' dir='ltr'>anticulis.</span> <span class='ocrx_word' id='word_1_79' title='bbox 886 722 1017 782; x_wconf 69' lang='lat' dir='ltr'>celeritas</span> <span class='ocrx_word' id='word_1_80' title='bbox 1025 718 1308 780; x_wconf 59' lang='lat' dir='ltr'>transtorrentem.</span> 
     </span>
    </p>
   </div>
   <div class='ocr_carea' id='block_1_6' title="bbox 52 2148 1340 4729">
    <p class='ocr_par' dir='ltr' id='par_1_6' title="bbox 52 2148 1333 2775">
     <span class='ocr_line' id='line_1_30' title="bbox 57 2148 1331 2239; baseline -0.001 -27"><span class='ocrx_word' id='word_1_81' title='bbox 57 2149 86 2213; x_wconf 85' lang='lat' dir='ltr'><strong>F</strong></span> <span class='ocrx_word' id='word_1_82' title='bbox 86 2148 161 2212; x_wconf 72' lang='lat' dir='ltr'>aelle</span> <span class='ocrx_word' id='word_1_83' title='bbox 176 2163 277 2213; x_wconf 89' lang='lat' dir='ltr'>autem</span> <span class='ocrx_word' id='word_1_84' title='bbox 292 2149 473 2238; x_wconf 79' lang='lat' dir='ltr'>intelligitur</span> <span class='ocrx_word' id='word_1_85' title='bbox 490 2173 549 2235; x_wconf 92' lang='lat' dir='ltr'>pro</span> <span class='ocrx_word' id='word_1_86' title='bbox 564 2151 742 2239; x_wconf 84' lang='lat' dir='ltr'>regionibus</span> <span class='ocrx_word' id='word_1_87' title='bbox 756 2150 796 2214; x_wconf 92' lang='lat' dir='ltr'>ab</span> <span class='ocrx_word' id='word_1_88' title='bbox 810 2163 967 2235; x_wconf 77' lang='lat' dir='ltr'>oequatore</span> <span class='ocrx_word' id='word_1_89' title='bbox 981 2151 1116 2226; x_wconf 86' lang='lat' dir='ltr'>remotis,</span> <span class='ocrx_word' id='word_1_90' title='bbox 1133 2149 1290 2234; x_wconf 72' lang='lat' dir='ltr'>praecipud</span> <span class='ocrx_word' id='word_1_91' title='bbox 1306 2149 1331 2212; x_wconf 92' lang='lat' dir='ltr'>si</span> 
     </span>
     <span class='ocr_line' id='line_1_31' title="bbox 57 2256 1331 2347; baseline -0.001 -25"><span class='ocrx_word' id='word_1_92' title='bbox 57 2258 151 2322; x_wconf 89' lang='lat' dir='ltr'>Luna</span> <span class='ocrx_word' id='word_1_93' title='bbox 163 2256 275 2322; x_wconf 86' lang='lat' dir='ltr'>habeat</span> <span class='ocrx_word' id='word_1_94' title='bbox 286 2259 533 2337; x_wconf 79' lang='lat' dir='ltr'>declinationem,</span> <span class='ocrx_word' id='word_1_95' title='bbox 545 2273 612 2323; x_wconf 88' lang='lat' dir='ltr'>turn</span> <span class='ocrx_word' id='word_1_96' title='bbox 623 2273 789 2346; x_wconf 89' lang='lat' dir='ltr'>utrumque</span> <span class='ocrx_word' id='word_1_97' title='bbox 803 2274 922 2324; x_wconf 91' lang='lat' dir='ltr'>motum</span> <span class='ocrx_word' id='word_1_98' title='bbox 932 2260 1030 2347; x_wconf 87' lang='lat' dir='ltr'>magis</span> <span class='ocrx_word' id='word_1_99' title='bbox 1041 2260 1107 2323; x_wconf 84' lang='lat' dir='ltr'>fore</span> <span class='ocrx_word' id='word_1_100' title='bbox 1121 2259 1331 2347; x_wconf 82' lang='lat' dir='ltr'>irregularem,</span> 
     </span>
     <span class='ocr_line' id='line_1_32' title="bbox 52 2362 1330 2449; baseline 0 -22"><span class='ocrx_word' id='word_1_101' title='bbox 52 2377 146 2449; x_wconf 88' lang='lat' dir='ltr'>atque</span> <span class='ocrx_word' id='word_1_102' title='bbox 167 2386 241 2426; x_wconf 82' lang='lat' dir='ltr'>mox</span> <span class='ocrx_word' id='word_1_103' title='bbox 263 2386 422 2427; x_wconf 87' lang='lat' dir='ltr'>ascensum</span> <span class='ocrx_word' id='word_1_104' title='bbox 444 2362 534 2429; x_wconf 83' lang='lat' dir='ltr'>citiris</span> <span class='ocrx_word' id='word_1_105' title='bbox 555 2365 674 2429; x_wconf 89' lang='lat' dir='ltr'>absolvi</span> <span class='ocrx_word' id='word_1_106' title='bbox 696 2387 770 2428; x_wconf 88' lang='lat' dir='ltr'>mox</span> <span class='ocrx_word' id='word_1_107' title='bbox 793 2363 867 2427; x_wconf 79' lang='lat' dir='ltr'>verb</span> <span class='ocrx_word' id='word_1_108' title='bbox 888 2365 1090 2440; x_wconf 82' lang='lat' dir='ltr'>descensum3</span> <span class='ocrx_word' id='word_1_109' title='bbox 1121 2378 1205 2429; x_wconf 84' lang='lat' dir='ltr'>totus</span> <span class='ocrx_word' id='word_1_110' title='bbox 1227 2378 1330 2428; x_wconf 91' lang='lat' dir='ltr'>autem</span> 
     </span>
     <span class='ocr_line' id='line_1_33' title="bbox 55 2468 1333 2558; baseline -0.004 -21"><span class='ocrx_word' id='word_1_111' title='bbox 55 2484 159 2537; x_wconf 88' lang='lat' dir='ltr'>motus</span> <span class='ocrx_word' id='word_1_112' title='bbox 175 2470 292 2536; x_wconf 76' lang='lat' dir='ltr'>facilius</span> <span class='ocrx_word' id='word_1_113' title='bbox 307 2493 348 2534; x_wconf 78' lang='lat' dir='ltr'>ex</span> <span class='ocrx_word' id='word_1_114' title='bbox 368 2472 442 2556; x_wconf 90' lang='lat' dir='ltr'>ipsis</span> <span class='ocrx_word' id='word_1_115' title='bbox 457 2471 597 2535; x_wconf 82' lang='lat' dir='ltr'>formulis</span> <span class='ocrx_word' id='word_1_116' title='bbox 612 2471 692 2536; x_wconf 91' lang='lat' dir='ltr'>datis</span> <span class='ocrx_word' id='word_1_117' title='bbox 707 2485 921 2558; x_wconf 85' lang='lat' dir='ltr'>cognoscetur.</span> <span class='ocrx_word' id='word_1_118' title='bbox 968 2471 1034 2534; x_wconf 90' lang='lat' dir='ltr'>Hic</span> <span class='ocrx_word' id='word_1_119' title='bbox 1049 2470 1183 2556; x_wconf 90' lang='lat' dir='ltr'>denique</span> <span class='ocrx_word' id='word_1_120' title='bbox 1204 2468 1333 2554; x_wconf 85' lang='lat' dir='ltr'>profun-</span> 
     </span>
     <span class='ocr_line' id='line_1_34' title="bbox 54 2576 1333 2665; baseline -0.002 -22"><span class='ocrx_word' id='word_1_121' title='bbox 54 2578 185 2643; x_wconf 86' lang='lat' dir='ltr'>ditatem</span> <span class='ocrx_word' id='word_1_122' title='bbox 208 2578 322 2665; x_wconf 90' lang='lat' dir='ltr'>ubique</span> <span class='ocrx_word' id='word_1_123' title='bbox 347 2579 478 2645; x_wconf 87' lang='lat' dir='ltr'>eandem</span> <span class='ocrx_word' id='word_1_124' title='bbox 500 2581 678 2663; x_wconf 90' lang='lat' dir='ltr'>posuimus;</span> <span class='ocrx_word' id='word_1_125' title='bbox 711 2578 795 2664; x_wconf 81' lang='lat' dir='ltr'>quod</span> <span class='ocrx_word' id='word_1_126' title='bbox 819 2579 845 2640; x_wconf 92' lang='lat' dir='ltr'>si</span> <span class='ocrx_word' id='word_1_127' title='bbox 869 2578 951 2641; x_wconf 89' lang='lat' dir='ltr'>cuim</span> <span class='ocrx_word' id='word_1_128' title='bbox 975 2590 1055 2640; x_wconf 85' lang='lat' dir='ltr'>esset</span> <span class='ocrx_word' id='word_1_129' title='bbox 1074 2576 1205 2652; x_wconf 84' lang='lat' dir='ltr'>diversa,</span> <span class='ocrx_word' id='word_1_130' title='bbox 1232 2589 1333 2640; x_wconf 88' lang='lat' dir='ltr'>motus</span> 
     </span>
     <span class='ocr_line' id='line_1_35' title="bbox 55 2689 1067 2775; baseline -0.003 -20"><span class='ocrx_word' id='word_1_131' title='bbox 55 2691 256 2756; x_wconf 83' lang='lat' dir='ltr'>horizontalis</span> <span class='ocrx_word' id='word_1_132' title='bbox 271 2692 361 2755; x_wconf 81' lang='lat' dir='ltr'>siurul</span> <span class='ocrx_word' id='word_1_133' title='bbox 377 2692 527 2756; x_wconf 88' lang='lat' dir='ltr'>rationem</span> <span class='ocrx_word' id='word_1_134' title='bbox 543 2693 694 2764; x_wconf 86' lang='lat' dir='ltr'>inversam</span> <span class='ocrx_word' id='word_1_135' title='bbox 710 2689 927 2775; x_wconf 73' lang='lat' dir='ltr'>profunditatis</span> <span class='ocrx_word' id='word_1_136' title='bbox 943 2689 1067 2752; x_wconf 73' lang='lat' dir='ltr'>tenebit.</span> 
     </span>
    </p>

    <p class='ocr_par' dir='ltr' id='par_1_7' title="bbox 54 2799 1340 4729">
     <span class='ocr_line' id='line_1_36' title="bbox 100 2799 1334 2887; baseline -0.006 -20"><span class='ocrx_word' id='word_1_137' title='bbox 100 2807 193 2886; x_wconf 69' lang='lat' dir='ltr'>tor.</span> <span class='ocrx_word' id='word_1_138' title='bbox 223 2801 368 2887; x_wconf 86' lang='lat' dir='ltr'>Denique</span> <span class='ocrx_word' id='word_1_139' title='bbox 390 2814 555 2887; x_wconf 85' lang='lat' dir='ltr'>antequam</span> <span class='ocrx_word' id='word_1_140' title='bbox 576 2801 637 2864; x_wconf 89' lang='lat' dir='ltr'>hoc</span> <span class='ocrx_word' id='word_1_141' title='bbox 654 2801 757 2885; x_wconf 89' lang='lat' dir='ltr'>Caput</span> <span class='ocrx_word' id='word_1_142' title='bbox 772 2799 926 2879; x_wconf 87' lang='lat' dir='ltr'>finiamus,</span> <span class='ocrx_word' id='word_1_143' title='bbox 951 2800 1052 2863; x_wconf 83' lang='lat' dir='ltr'>notari</span> <span class='ocrx_word' id='word_1_144' title='bbox 1075 2812 1208 2885; x_wconf 82' lang='lat' dir='ltr'>oportet,</span> <span class='ocrx_word' id='word_1_145' title='bbox 1233 2819 1334 2884; x_wconf 91' lang='lat' dir='ltr'>neque</span> 
     </span>
     <span class='ocr_line' id='line_1_37' title="bbox 54 2888 1335 2994; baseline -0.002 -22"><span class='ocrx_word' id='word_1_146' title='bbox 54 2909 209 2972; x_wconf 85' lang='lat' dir='ltr'>maximos</span> <span class='ocrx_word' id='word_1_147' title='bbox 229 2888 322 2972; x_wconf 82' lang='lat' dir='ltr'>aestds</span> <span class='ocrx_word' id='word_1_148' title='bbox 344 2908 381 2971; x_wconf 93' lang='lat' dir='ltr'>iis</span> <span class='ocrx_word' id='word_1_149' title='bbox 401 2909 475 2993; x_wconf 89' lang='lat' dir='ltr'>ipsis</span> <span class='ocrx_word' id='word_1_150' title='bbox 498 2909 689 2994; x_wconf 87' lang='lat' dir='ltr'>temporibus</span> <span class='ocrx_word' id='word_1_151' title='bbox 711 2909 834 2972; x_wconf 88' lang='lat' dir='ltr'>evenire</span> <span class='ocrx_word' id='word_1_152' title='bbox 853 2930 954 2993; x_wconf 92' lang='lat' dir='ltr'>posse,</span> <span class='ocrx_word' id='word_1_153' title='bbox 978 2908 1090 2994; x_wconf 88' lang='lat' dir='ltr'>quibus</span> <span class='ocrx_word' id='word_1_154' title='bbox 1105 2908 1185 2971; x_wconf 80' lang='lat' dir='ltr'>sires</span> <span class='ocrx_word' id='word_1_155' title='bbox 1205 2907 1286 2972; x_wconf 90' lang='lat' dir='ltr'>Solis</span> <span class='ocrx_word' id='word_1_156' title='bbox 1304 2920 1335 2970; x_wconf 87' lang='lat' dir='ltr'>et</span> 
     </span>
     <span class='ocr_line' id='line_1_38' title="bbox 57 3015 1335 3106; baseline -0.002 -25"><span class='ocrx_word' id='word_1_157' title='bbox 57 3017 161 3082; x_wconf 83' lang='lat' dir='ltr'>Lunae</span> <span class='ocrx_word' id='word_1_158' title='bbox 184 3018 316 3083; x_wconf 73' lang='lat' dir='ltr'>maxime</span> <span class='ocrx_word' id='word_1_159' title='bbox 338 3020 453 3106; x_wconf 87' lang='lat' dir='ltr'>vigent,</span> <span class='ocrx_word' id='word_1_160' title='bbox 476 3042 534 3083; x_wconf 88' lang='lat' dir='ltr'>nec</span> <span class='ocrx_word' id='word_1_161' title='bbox 555 3020 699 3083; x_wconf 88' lang='lat' dir='ltr'>minimos</span> <span class='ocrx_word' id='word_1_162' title='bbox 722 3033 815 3082; x_wconf 67' lang='lat' dir='ltr'>aestus</span> <span class='ocrx_word' id='word_1_163' title='bbox 831 3033 906 3095; x_wconf 90' lang='lat' dir='ltr'>tum,</span> <span class='ocrx_word' id='word_1_164' title='bbox 931 3016 1002 3082; x_wconf 84' lang='lat' dir='ltr'>crim</span> <span class='ocrx_word' id='word_1_165' title='bbox 1016 3018 1062 3082; x_wconf 86' lang='lat' dir='ltr'>vis</span> <span class='ocrx_word' id='word_1_166' title='bbox 1076 3041 1096 3082; x_wconf 89' lang='lat' dir='ltr'>a</span> <span class='ocrx_word' id='word_1_167' title='bbox 1110 3018 1201 3082; x_wconf 90' lang='lat' dir='ltr'>Luna</span> <span class='ocrx_word' id='word_1_168' title='bbox 1216 3030 1247 3080; x_wconf 90' lang='lat' dir='ltr'>et</span> <span class='ocrx_word' id='word_1_169' title='bbox 1263 3015 1335 3080; x_wconf 84' lang='lat' dir='ltr'>Sole</span> 
     </span>
     <span class='ocr_line' id='line_1_39' title="bbox 56 3123 1334 3212; baseline -0.002 -25"><span class='ocrx_word' id='word_1_170' title='bbox 56 3139 132 3189; x_wconf 82' lang='lat' dir='ltr'>nata</span> <span class='ocrx_word' id='word_1_171' title='bbox 146 3138 193 3189; x_wconf 83' lang='lat' dir='ltr'>est</span> <span class='ocrx_word' id='word_1_172' title='bbox 206 3125 404 3203; x_wconf 81' lang='lat' dir='ltr'>debilissima,</span> <span class='ocrx_word' id='word_1_173' title='bbox 428 3126 483 3189; x_wconf 87' lang='lat' dir='ltr'>sed</span> <span class='ocrx_word' id='word_1_174' title='bbox 504 3126 661 3212; x_wconf 87' lang='lat' dir='ltr'>aliquanto</span> <span class='ocrx_word' id='word_1_175' title='bbox 681 3124 808 3189; x_wconf 80' lang='lat' dir='ltr'>tardiris.</span> <span class='ocrx_word' id='word_1_176' title='bbox 854 3125 964 3189; x_wconf 85' lang='lat' dir='ltr'>AEstirs</span> <span class='ocrx_word' id='word_1_177' title='bbox 978 3124 1061 3187; x_wconf 91' lang='lat' dir='ltr'>enim</span> <span class='ocrx_word' id='word_1_178' title='bbox 1076 3123 1257 3211; x_wconf 86' lang='lat' dir='ltr'>magnitudo</span> <span class='ocrx_word' id='word_1_179' title='bbox 1271 3143 1334 3186; x_wconf 92' lang='lat' dir='ltr'>non</span> 
     </span>
     <span class='ocr_line' id='line_1_40' title="bbox 59 3230 1336 3321; baseline -0.001 -26"><span class='ocrx_word' id='word_1_180' title='bbox 59 3230 161 3296; x_wconf 85' lang='lat' dir='ltr'>solum</span> <span class='ocrx_word' id='word_1_181' title='bbox 175 3256 194 3296; x_wconf 90' lang='lat' dir='ltr'>a</span> <span class='ocrx_word' id='word_1_182' title='bbox 208 3235 378 3319; x_wconf 87' lang='lat' dir='ltr'>quantitate</span> <span class='ocrx_word' id='word_1_183' title='bbox 393 3234 505 3297; x_wconf 89' lang='lat' dir='ltr'>virium</span> <span class='ocrx_word' id='word_1_184' title='bbox 516 3234 747 3298; x_wconf 81' lang='lat' dir='ltr'>sollicitantium</span> <span class='ocrx_word' id='word_1_185' title='bbox 760 3235 885 3321; x_wconf 88' lang='lat' dir='ltr'>pcndet,</span> <span class='ocrx_word' id='word_1_186' title='bbox 899 3234 943 3298; x_wconf 90' lang='lat' dir='ltr'>uti</span> <span class='ocrx_word' id='word_1_187' title='bbox 958 3234 990 3298; x_wconf 93' lang='lat' dir='ltr'>id</span> <span class='ocrx_word' id='word_1_188' title='bbox 1005 3257 1063 3297; x_wconf 90' lang='lat' dir='ltr'>usu</span> <span class='ocrx_word' id='word_1_189' title='bbox 1075 3234 1202 3310; x_wconf 87' lang='lat' dir='ltr'>veniret,</span> <span class='ocrx_word' id='word_1_190' title='bbox 1216 3233 1241 3295; x_wconf 89' lang='lat' dir='ltr'>si</span> <span class='ocrx_word' id='word_1_191' title='bbox 1256 3255 1336 3318; x_wconf 85' lang='lat' dir='ltr'>aqua</span> 
     </span>
     <span class='ocr_line' id='line_1_41' title="bbox 58 3339 1337 3428; baseline -0.002 -25"><span class='ocrx_word' id='word_1_192' title='bbox 58 3341 170 3406; x_wconf 78' lang='lat' dir='ltr'>inertiti</span> <span class='ocrx_word' id='word_1_193' title='bbox 192 3358 319 3421; x_wconf 86' lang='lat' dir='ltr'>careret,</span> <span class='ocrx_word' id='word_1_194' title='bbox 343 3343 397 3407; x_wconf 88' lang='lat' dir='ltr'>sed</span> <span class='ocrx_word' id='word_1_195' title='bbox 419 3343 545 3428; x_wconf 87' lang='lat' dir='ltr'>insuper</span> <span class='ocrx_word' id='word_1_196' title='bbox 567 3367 585 3406; x_wconf 90' lang='lat' dir='ltr'>a</span> <span class='ocrx_word' id='word_1_197' title='bbox 606 3357 693 3407; x_wconf 91' lang='lat' dir='ltr'>motu</span> <span class='ocrx_word' id='word_1_198' title='bbox 709 3346 775 3428; x_wconf 88' lang='lat' dir='ltr'>jam</span> <span class='ocrx_word' id='word_1_199' title='bbox 797 3343 869 3407; x_wconf 73' lang='lat' dir='ltr'>ante</span> <span class='ocrx_word' id='word_1_200' title='bbox 891 3356 1051 3428; x_wconf 86' lang='lat' dir='ltr'>concepto.</span> <span class='ocrx_word' id='word_1_201' title='bbox 1097 3340 1193 3418; x_wconf 80' lang='lat' dir='ltr'>Qubd</span> <span class='ocrx_word' id='word_1_202' title='bbox 1208 3341 1234 3403; x_wconf 93' lang='lat' dir='ltr'>si</span> <span class='ocrx_word' id='word_1_203' title='bbox 1253 3339 1337 3402; x_wconf 88' lang='lat' dir='ltr'>enirn</span> 
     </span>
     <span class='ocr_line' id='line_1_42' title="bbox 55 3447 1334 3536; baseline -0.002 -23"><span class='ocrx_word' id='word_1_204' title='bbox 55 3448 131 3513; x_wconf 75' lang='lat' dir='ltr'>ante</span> <span class='ocrx_word' id='word_1_205' title='bbox 147 3471 232 3512; x_wconf 81' lang='lat' dir='ltr'>mare</span> <span class='ocrx_word' id='word_1_206' title='bbox 246 3450 374 3513; x_wconf 89' lang='lat' dir='ltr'>omnino</span> <span class='ocrx_word' id='word_1_207' title='bbox 389 3450 561 3536; x_wconf 87' lang='lat' dir='ltr'>quievisset,</span> <span class='ocrx_word' id='word_1_208' title='bbox 579 3464 644 3514; x_wconf 87' lang='lat' dir='ltr'>turn</span> <span class='ocrx_word' id='word_1_209' title='bbox 659 3451 777 3535; x_wconf 90' lang='lat' dir='ltr'>primus</span> <span class='ocrx_word' id='word_1_210' title='bbox 793 3449 875 3514; x_wconf 68' lang='lat' dir='ltr'>certe</span> <span class='ocrx_word' id='word_1_211' title='bbox 889 3463 984 3513; x_wconf 82' lang='lat' dir='ltr'>oestus</span> <span class='ocrx_word' id='word_1_212' title='bbox 1000 3449 1150 3513; x_wconf 91' lang='lat' dir='ltr'>oriundus</span> <span class='ocrx_word' id='word_1_213' title='bbox 1165 3447 1334 3512; x_wconf 88' lang='lat' dir='ltr'>admodum</span> 
     </span>
     <span class='ocr_line' id='line_1_43' title="bbox 56 3553 1336 3640; baseline -0.002 -22"><span class='ocrx_word' id='word_1_214' title='bbox 56 3553 181 3619; x_wconf 80' lang='lat' dir='ltr'>iuturus</span> <span class='ocrx_word' id='word_1_215' title='bbox 202 3569 283 3619; x_wconf 86' lang='lat' dir='ltr'>esset</span> <span class='ocrx_word' id='word_1_216' title='bbox 304 3556 403 3634; x_wconf 85' lang='lat' dir='ltr'>exilis,</span> <span class='ocrx_word' id='word_1_217' title='bbox 427 3556 545 3619; x_wconf 89' lang='lat' dir='ltr'>etiamsi</span> <span class='ocrx_word' id='word_1_218' title='bbox 564 3556 643 3620; x_wconf 91' lang='lat' dir='ltr'>vires</span> <span class='ocrx_word' id='word_1_219' title='bbox 658 3556 855 3620; x_wconf 82' lang='lat' dir='ltr'>sollicitantes</span> <span class='ocrx_word' id='word_1_220' title='bbox 871 3570 974 3621; x_wconf 88' lang='lat' dir='ltr'>essent</span> <span class='ocrx_word' id='word_1_221' title='bbox 989 3556 1132 3619; x_wconf 73' lang='lat' dir='ltr'>maximae</span> <span class='ocrx_word' id='word_1_222' title='bbox 1142 3579 1151 3631; x_wconf 91' lang='lat'>;</span> <span class='ocrx_word' id='word_1_223' title='bbox 1175 3568 1336 3640; x_wconf 86' lang='lat' dir='ltr'>sequentes</span> 
     </span>
     <span class='ocr_line' id='line_1_44' title="bbox 57 3662 1337 3751; baseline -0.003 -22"><span class='ocrx_word' id='word_1_224' title='bbox 57 3663 135 3729; x_wconf 78' lang='lat' dir='ltr'>verb</span> <span class='ocrx_word' id='word_1_225' title='bbox 159 3678 252 3729; x_wconf 79' lang='lat' dir='ltr'>aestus</span> <span class='ocrx_word' id='word_1_226' title='bbox 277 3663 424 3729; x_wconf 86' lang='lat' dir='ltr'>continub</span> <span class='ocrx_word' id='word_1_227' title='bbox 450 3680 632 3743; x_wconf 87' lang='lat' dir='ltr'>crescerent,</span> <span class='ocrx_word' id='word_1_228' title='bbox 660 3665 760 3730; x_wconf 88' lang='lat' dir='ltr'>donec</span> <span class='ocrx_word' id='word_1_229' title='bbox 785 3666 910 3730; x_wconf 82' lang='lat' dir='ltr'>tandem</span> <span class='ocrx_word' id='word_1_230' title='bbox 938 3679 1009 3751; x_wconf 86' lang='lat' dir='ltr'>post</span> <span class='ocrx_word' id='word_1_231' title='bbox 1034 3677 1156 3749; x_wconf 90' lang='lat' dir='ltr'>tempus</span> <span class='ocrx_word' id='word_1_232' title='bbox 1183 3662 1337 3726; x_wconf 86' lang='lat' dir='ltr'>infinitum</span> 
     </span>
     <span class='ocr_line' id='line_1_45' title="bbox 57 3768 1336 3861; baseline -0.003 -27"><span class='ocrx_word' id='word_1_233' title='bbox 57 3772 305 3861; x_wconf 77' lang='lat' dir='ltr'>magnitudinem</span> <span class='ocrx_word' id='word_1_234' title='bbox 327 3773 513 3861; x_wconf 79' lang='lat' dir='ltr'>assignatam</span> <span class='ocrx_word' id='word_1_235' title='bbox 535 3773 721 3850; x_wconf 86' lang='lat' dir='ltr'>obtinerent,</span> <span class='ocrx_word' id='word_1_236' title='bbox 745 3773 771 3836; x_wconf 93' lang='lat' dir='ltr'>si</span> <span class='ocrx_word' id='word_1_237' title='bbox 793 3772 918 3859; x_wconf 89' lang='lat' dir='ltr'>quidem</span> <span class='ocrx_word' id='word_1_238' title='bbox 939 3772 1018 3834; x_wconf 90' lang='lat' dir='ltr'>vires</span> <span class='ocrx_word' id='word_1_239' title='bbox 1034 3770 1231 3835; x_wconf 78' lang='lat' dir='ltr'>sollicitantes</span> <span class='ocrx_word' id='word_1_240' title='bbox 1253 3768 1336 3831; x_wconf 86' lang='lat' dir='ltr'>idem</span> 
     </span>
     <span class='ocr_line' id='line_1_46' title="bbox 57 3877 1337 3965; baseline -0.003 -23"><span class='ocrx_word' id='word_1_241' title='bbox 57 3878 158 3943; x_wconf 89' lang='lat' dir='ltr'>robur</span> <span class='ocrx_word' id='word_1_242' title='bbox 179 3877 332 3964; x_wconf 78' lang='lat' dir='ltr'>perpetui&gt;</span> <span class='ocrx_word' id='word_1_243' title='bbox 354 3894 529 3943; x_wconf 87' lang='lat' dir='ltr'>servarent:</span> <span class='ocrx_word' id='word_1_244' title='bbox 552 3893 643 3965; x_wconf 88' lang='lat' dir='ltr'>atque</span> <span class='ocrx_word' id='word_1_245' title='bbox 664 3878 725 3943; x_wconf 89' lang='lat' dir='ltr'>hoc</span> <span class='ocrx_word' id='word_1_246' title='bbox 747 3880 827 3943; x_wconf 93' lang='lat' dir='ltr'>idem</span> <span class='ocrx_word' id='word_1_247' title='bbox 844 3879 966 3943; x_wconf 86' lang='lat' dir='ltr'>evenire</span> <span class='ocrx_word' id='word_1_248' title='bbox 981 3878 1082 3955; x_wconf 88' lang='lat' dir='ltr'>debet,</span> <span class='ocrx_word' id='word_1_249' title='bbox 1106 3879 1131 3940; x_wconf 93' lang='lat' dir='ltr'>si</span> <span class='ocrx_word' id='word_1_250' title='bbox 1146 3890 1240 3939; x_wconf 81' lang='lat' dir='ltr'>aestus</span> <span class='ocrx_word' id='word_1_251' title='bbox 1256 3898 1337 3961; x_wconf 83' lang='lat' dir='ltr'>prae·</span> 
     </span>
     <span class='ocr_line' id='line_1_47' title="bbox 56 3985 1336 4074; baseline -0.002 -22"><span class='ocrx_word' id='word_1_252' title='bbox 56 3986 205 4052; x_wconf 79' lang='lat' dir='ltr'>cedentes</span> <span class='ocrx_word' id='word_1_253' title='bbox 226 4000 346 4051; x_wconf 86' lang='lat' dir='ltr'>tanturn</span> <span class='ocrx_word' id='word_1_254' title='bbox 368 3986 482 4052; x_wconf 87' lang='lat' dir='ltr'>fuerint</span> <span class='ocrx_word' id='word_1_255' title='bbox 497 3987 640 4065; x_wconf 81' lang='lat' dir='ltr'>minores,</span> <span class='ocrx_word' id='word_1_256' title='bbox 664 3985 756 4074; x_wconf 73' lang='lat' dir='ltr'>quam</span> <span class='ocrx_word' id='word_1_257' title='bbox 772 3990 798 4052; x_wconf 94' lang='lat' dir='ltr'>is</span> <span class='ocrx_word' id='word_1_258' title='bbox 812 3989 866 4074; x_wconf 91' lang='lat' dir='ltr'>qui</span> <span class='ocrx_word' id='word_1_259' title='bbox 881 3988 997 4051; x_wconf 89' lang='lat' dir='ltr'>viribus</span> <span class='ocrx_word' id='word_1_260' title='bbox 1014 3986 1247 4051; x_wconf 87' lang='lat' dir='ltr'>sollicitantibus</span> <span class='ocrx_word' id='word_1_261' title='bbox 1261 4009 1336 4050; x_wconf 89' lang='lat' dir='ltr'>oon·</span> 
     </span>
     <span class='ocr_line' id='line_1_48' title="bbox 55 4092 1336 4179; baseline 0.001 -23"><span class='ocrx_word' id='word_1_262' title='bbox 55 4095 152 4159; x_wconf 78' lang='lat' dir='ltr'>venit.</span> <span class='ocrx_word' id='word_1_263' title='bbox 198 4093 305 4170; x_wconf 86' lang='lat' dir='ltr'>Quare</span> <span class='ocrx_word' id='word_1_264' title='bbox 324 4092 398 4158; x_wconf 82' lang='lat' dir='ltr'>otim</span> <span class='ocrx_word' id='word_1_265' title='bbox 412 4109 505 4157; x_wconf 76' lang='lat' dir='ltr'>cestus</span> <span class='ocrx_word' id='word_1_266' title='bbox 519 4093 679 4157; x_wconf 89' lang='lat' dir='ltr'>novilunia</span> <span class='ocrx_word' id='word_1_267' title='bbox 692 4117 728 4158; x_wconf 86' lang='lat' dir='ltr'>ac</span> <span class='ocrx_word' id='word_1_268' title='bbox 749 4094 918 4179; x_wconf 88' lang='lat' dir='ltr'>plenilunia</span> <span class='ocrx_word' id='word_1_269' title='bbox 936 4093 1146 4179; x_wconf 68' lang='lat' dir='ltr'>praecedentes</span> <span class='ocrx_word' id='word_1_270' title='bbox 1161 4093 1223 4155; x_wconf 92' lang='lat' dir='ltr'>sint</span> <span class='ocrx_word' id='word_1_271' title='bbox 1236 4095 1336 4157; x_wconf 88' lang='lat' dir='ltr'>mino-</span> 
     </span>
     <span class='ocr_line' id='line_1_49' title="bbox 55 4203 1336 4295; baseline 0.001 -29"><span class='ocrx_word' id='word_1_272' title='bbox 55 4226 117 4282; x_wconf 83' lang='lat' dir='ltr'>res,</span> <span class='ocrx_word' id='word_1_273' title='bbox 144 4203 166 4266; x_wconf 92' lang='lat' dir='ltr'>ii</span> <span class='ocrx_word' id='word_1_274' title='bbox 190 4203 320 4288; x_wconf 88' lang='lat' dir='ltr'>quidem</span> <span class='ocrx_word' id='word_1_275' title='bbox 341 4203 390 4267; x_wconf 90' lang='lat' dir='ltr'>his</span> <span class='ocrx_word' id='word_1_276' title='bbox 414 4205 604 4289; x_wconf 91' lang='lat' dir='ltr'>temporibus</span> <span class='ocrx_word' id='word_1_277' title='bbox 628 4204 668 4268; x_wconf 91' lang='lat' dir='ltr'>ab</span> <span class='ocrx_word' id='word_1_278' title='bbox 691 4206 788 4270; x_wconf 88' lang='lat' dir='ltr'>auctis</span> <span class='ocrx_word' id='word_1_279' title='bbox 808 4205 925 4271; x_wconf 87' lang='lat' dir='ltr'>viribus</span> <span class='ocrx_word' id='word_1_280' title='bbox 945 4205 1153 4295; x_wconf 90' lang='lat' dir='ltr'>augebuntur,</span> <span class='ocrx_word' id='word_1_281' title='bbox 1177 4227 1240 4269; x_wconf 94' lang='lat' dir='ltr'>non</span> <span class='ocrx_word' id='word_1_282' title='bbox 1262 4205 1336 4270; x_wconf 79' lang='lat' dir='ltr'>verb</span> 
     </span>
     <span class='ocr_line' id='line_1_50' title="bbox 57 4310 1337 4405; baseline 0.003 -27"><span class='ocrx_word' id='word_1_283' title='bbox 57 4310 165 4378; x_wconf 72' lang='lat' dir='ltr'>orbito</span> <span class='ocrx_word' id='word_1_284' title='bbox 187 4324 282 4377; x_wconf 87' lang='lat' dir='ltr'>totam</span> <span class='ocrx_word' id='word_1_285' title='bbox 305 4337 392 4378; x_wconf 92' lang='lat' dir='ltr'>suam</span> <span class='ocrx_word' id='word_1_286' title='bbox 415 4316 616 4401; x_wconf 86' lang='lat' dir='ltr'>quantitatem</span> <span class='ocrx_word' id='word_1_287' title='bbox 637 4330 873 4403; x_wconf 88' lang='lat' dir='ltr'>consequentur,</span> <span class='ocrx_word' id='word_1_288' title='bbox 896 4331 989 4405; x_wconf 88' lang='lat' dir='ltr'>atque</span> <span class='ocrx_word' id='word_1_289' title='bbox 1010 4318 1090 4382; x_wconf 86' lang='lat' dir='ltr'>banc</span> <span class='ocrx_word' id='word_1_290' title='bbox 1107 4318 1149 4383; x_wconf 94' lang='lat' dir='ltr'>ob</span> <span class='ocrx_word' id='word_1_291' title='bbox 1164 4340 1230 4382; x_wconf 91' lang='lat' dir='ltr'>rem</span> <span class='ocrx_word' id='word_1_292' title='bbox 1244 4333 1337 4383; x_wconf 82' lang='lat' dir='ltr'>oestus</span> 
     </span>
     <span class='ocr_line' id='line_1_51' title="bbox 57 4421 1339 4512; baseline 0.004 -26"><span class='ocrx_word' id='word_1_293' title='bbox 57 4421 232 4486; x_wconf 80' lang='lat' dir='ltr'>etiamnum</span> <span class='ocrx_word' id='word_1_294' title='bbox 246 4435 317 4506; x_wconf 90' lang='lat' dir='ltr'>post</span> <span class='ocrx_word' id='word_1_295' title='bbox 331 4423 470 4510; x_wconf 82' lang='lat' dir='ltr'>syzygias</span> <span class='ocrx_word' id='word_1_296' title='bbox 481 4437 647 4512; x_wconf 88' lang='lat' dir='ltr'>augmenta</span> <span class='ocrx_word' id='word_1_297' title='bbox 657 4425 817 4509; x_wconf 85' lang='lat' dir='ltr'>accipient,</span> <span class='ocrx_word' id='word_1_298' title='bbox 830 4425 930 4491; x_wconf 87' lang='lat' dir='ltr'>donec</span> <span class='ocrx_word' id='word_1_299' title='bbox 941 4426 982 4490; x_wconf 92' lang='lat' dir='ltr'>ob</span> <span class='ocrx_word' id='word_1_300' title='bbox 997 4440 1064 4490; x_wconf 90' lang='lat' dir='ltr'>turn</span> <span class='ocrx_word' id='word_1_301' title='bbox 1075 4440 1218 4491; x_wconf 89' lang='lat' dir='ltr'>secutura</span> <span class='ocrx_word' id='word_1_302' title='bbox 1227 4428 1339 4491; x_wconf 84' lang='lat' dir='ltr'>virium</span> 
     </span>
     <span class='ocr_line' id='line_1_52' title="bbox 55 4530 1339 4621; baseline 0.002 -25"><span class='ocrx_word' id='word_1_303' title='bbox 55 4530 270 4608; x_wconf 87' lang='lat' dir='ltr'>decrementa,</span> <span class='ocrx_word' id='word_1_304' title='bbox 293 4544 386 4595; x_wconf 81' lang='lat' dir='ltr'>oestus</span> <span class='ocrx_word' id='word_1_305' title='bbox 408 4532 519 4596; x_wconf 86' lang='lat' dir='ltr'>iterum</span> <span class='ocrx_word' id='word_1_306' title='bbox 543 4533 721 4599; x_wconf 89' lang='lat' dir='ltr'>decrescere</span> <span class='ocrx_word' id='word_1_307' title='bbox 744 4534 899 4619; x_wconf 78' lang='lat' dir='ltr'>incipiant.</span> <span class='ocrx_word' id='word_1_308' title='bbox 946 4535 994 4599; x_wconf 86' lang='lat' dir='ltr'>lta</span> <span class='ocrx_word' id='word_1_309' title='bbox 1012 4548 1151 4621; x_wconf 90' lang='lat' dir='ltr'>tempore</span> <span class='ocrx_word' id='word_1_310' title='bbox 1166 4537 1339 4601; x_wconf 87' lang='lat' dir='ltr'>novilunio-</span> 
     </span>
     <span class='ocr_line' id='line_1_53' title="bbox 54 4640 1340 4729; baseline 0.001 -23"><span class='ocrx_word' id='word_1_311' title='bbox 54 4663 129 4707; x_wconf 84' lang='lat' dir='ltr'>rom</span> <span class='ocrx_word' id='word_1_312' title='bbox 145 4654 177 4704; x_wconf 91' lang='lat' dir='ltr'>et</span> <span class='ocrx_word' id='word_1_313' title='bbox 191 4640 432 4725; x_wconf 90' lang='lat' dir='ltr'>pleniluniorum</span> <span class='ocrx_word' id='word_1_314' title='bbox 446 4665 509 4706; x_wconf 94' lang='lat' dir='ltr'>non</span> <span class='ocrx_word' id='word_1_315' title='bbox 525 4655 588 4707; x_wconf 79' lang='lat' dir='ltr'>tarn</span> <span class='ocrx_word' id='word_1_316' title='bbox 604 4644 663 4728; x_wconf 92' lang='lat' dir='ltr'>ipsi</span> <span class='ocrx_word' id='word_1_317' title='bbox 677 4657 769 4708; x_wconf 80' lang='lat' dir='ltr'>oestus</span> <span class='ocrx_word' id='word_1_318' title='bbox 785 4642 877 4729; x_wconf 74' lang='lat' dir='ltr'>quim</span> <span class='ocrx_word' id='word_1_319' title='bbox 890 4644 1080 4710; x_wconf 84' lang='lat' dir='ltr'>incrementa</span> <span class='ocrx_word' id='word_1_320' title='bbox 1094 4669 1201 4710; x_wconf 89' lang='lat' dir='ltr'>eorum</span> <span class='ocrx_word' id='word_1_321' title='bbox 1214 4667 1340 4710; x_wconf 87' lang='lat' dir='ltr'>censen-</span> 
     </span>
    </p>
   </div>
   <div class='ocr_carea' id='block_1_7' title="bbox 54 4747 1337 4903">
    <p class='ocr_par' dir='ltr' id='par_1_8' title="bbox 54 4747 1337 4903">
     <span class='ocr_line' id='line_1_54' title="bbox 54 4747 1337 4835; baseline 0.005 -24"><span class='ocrx_word' id='word_1_322' title='bbox 54 4747 99 4811; x_wconf 88' lang='lat' dir='ltr'>da</span> <span class='ocrx_word' id='word_1_323' title='bbox 122 4760 199 4810; x_wconf 89' lang='lat' dir='ltr'>sunt</span> <span class='ocrx_word' id='word_1_324' title='bbox 220 4748 366 4826; x_wconf 87' lang='lat' dir='ltr'>maxima,</span> <span class='ocrx_word' id='word_1_325' title='bbox 389 4763 540 4834; x_wconf 89' lang='lat' dir='ltr'>quatenus</span> <span class='ocrx_word' id='word_1_326' title='bbox 562 4749 678 4815; x_wconf 89' lang='lat' dir='ltr'>scilicet</span> <span class='ocrx_word' id='word_1_327' title='bbox 692 4765 784 4816; x_wconf 85' lang='lat' dir='ltr'>aestus</span> <span class='ocrx_word' id='word_1_328' title='bbox 804 4751 1015 4835; x_wconf 67' lang='lat' dir='ltr'>precedentes</span> <span class='ocrx_word' id='word_1_329' title='bbox 1030 4755 1165 4819; x_wconf 74' lang='lat' dir='ltr'>maxime</span> <span class='ocrx_word' id='word_1_330' title='bbox 1179 4754 1337 4832; x_wconf 81' lang='lat' dir='ltr'>deficiunt,</span> 
     </span>
     <span class='ocr_line' id='line_1_55' title="bbox 90 4853 724 4903; baseline -0.005 -3"><span class='ocrx_word' id='word_1_331' title='bbox 90 4853 155 4903; x_wconf 76' lang='lat' dir='ltr'>Vor-</span> <span class='ocrx_word' id='word_1_332' title='bbox 173 4853 201 4900; x_wconf 88' lang='lat' dir='ltr'>ll</span> <span class='ocrx_word' id='word_1_333' title='bbox 706 4857 724 4897; x_wconf 77' lang='lat'>2</span> 
     </span>
    </p>
   </div>
   <div class='ocr_carea' id='block_1_8' title="bbox 0 0 1660 5678">
    <p class='ocr_par' dir='ltr' id='par_1_9' title="bbox 0 0 1660 5678">
     <span class='ocr_line' id='line_1_56' title="bbox 0 0 1660 5678; baseline 0 0"><span class='ocrx_word' id='word_1_334' title='bbox 0 0 1660 5678; x_wconf 95' lang='lat' dir='ltr'> </span> 
     </span>
    </p>
   </div>
  </div>
 </body>
</html>
