3330 5692
192 555 235 612 ιιι
477 540 819 609 PHILOSOPHIAE
845 540 1119 608 NATURALIS
1164 541 1240 622 [Da
1258 541 1387 607 Μυιιιι.
1404 545 1485 611 Srrr.

194 721 252 785 ties
274 717 397 806 siguum
412 716 520 804 anguli
535 716 664 802 alicujus
687 716 727 780 de
749 716 934 788 affirmativo
955 715 988 778 iu
1010 718 1202 805 negativum,
1226 718 1336 805 deque
1350 720 1485 808 negativo

194 829 226 892 in
251 828 469 892 affirmativum
483 838 631 904 mutatur,
656 825 783 890 debebit
797 838 900 891 motus
923 827 1115 914 regressivus
1139 827 1173 890 iu
1197 829 1438 916 progressirmu
1457 842 1483 893 et

193 936 406 1023 progressivus
432 936 465 998 in
491 935 701 1023 regressivum
726 934 850 998 mutari.
898 931 995 999 Unde
1020 934 1057 998 fit
1081 947 1118 998 ut
1142 934 1220 998 nodi
1247 935 1482 1023 progredientur

193 1045 314 1132 quoties
330 1044 423 1108 Luna
437 1044 519 1108 inter
533 1042 756 1131 quadraturam
770 1041 952 1105 alterutram
975 1054 1007 1106 et
1028 1041 1146 1106 nodum
1163 1042 1372 1127 quadraturae
1383 1043 1481 1129 proxi·

192 1176 279 1218 mum
294 1167 444 1218 versatur.
491 1153 570 1217 Aliis
585 1153 619 1215 in
634 1151 755 1216 casibus
771 1151 1002 1239 regrediuntur,
1026 1164 1058 1216 et
1071 1174 1130 1237 per
1144 1173 1317 1216 excessum
1331 1174 1479 1241 regmos

192 1287 287 1349 supra
300 1285 502 1352 progressum
517 1262 647 1349 siugulis
662 1258 819 1327 mensibus
833 1260 977 1324 feruntur
991 1261 1023 1324 in
1039 1260 1268 1325 antecedentia.

189 1463 262 1512 tatur,
279 1455 362 1502 debebit
371 1461 447 1501 motor
463 1453 598 1514 ragnerium
613 1453 640 1500 ιἰι
653 1452 820 1514 pmgretrioum
852 1450 911 1512 gulo
924 1451 946 1497 A
961 1451 984 1498 Τ
994 1466 1027 1506 m,
1044 1448 1144 1514 ideoque
1154 1451 1274 1512 producti
1285 1451 1352 1500 linei
1365 1452 1438 1502 trin
1448 1451 1474 1505 V.

190 1529 210 1567 et
220 1520 410 1581 progressionem
420 1519 568 1578 regnaturam
579 1518 674 1564 mauri.
852 1515 956 1578 angulus
969 1516 991 1562 A
1005 1515 1028 1563 Τ
1040 1514 1062 1562 V
1073 1515 1277 1578 complementum
1294 1515 1327 1565 ad
1341 1516 1399 1564 διια
1411 1528 1474 1565 murt

225 1586 275 1631 Art.
292 1587 311 1629 1.
346 1582 370 1629 Si
382 1591 428 1629 tres
437 1581 520 1644 auguli
531 1580 577 1627 sint
588 1580 686 1641 positivi,
702 1580 820 1628 nodomm
851 1580 933 1642 anguli
952 1581 975 1627 A
989 1580 1012 1627 T
1022 1582 1038 1637 i,
1057 1582 1131 1644 major
1143 1582 1186 1628 erit
1197 1581 1294 1644 angulo
1312 1583 1336 1631 A
1348 1582 1371 1630 ’l'
1383 1582 1405 1631 N
1418 1596 1472 1631 on·

191 1658 269 1694 motus
280 1645 323 1693 etit
333 1645 481 1709 regressirua.
588 1698 592 1706 ⁴
852 1645 971 1706 plemeuto
989 1644 1019 1692 ad
1037 1645 1098 1691 duos
1115 1657 1190 1693 rectos
1207 1646 1295 1710 anguli
1314 1647 1338 1694 A
1350 1646 1411 1702 ⁴1¹³.
1423 1660 1471 1708 erg·

226 1711 255 1757 Iu
267 1713 311 1758 hoo
322 1726 383 1764 casu.
401 1725 469 1756 meua
487 1712 509 1756 A
523 1709 548 1755 N
564 1719 645 1757 oontm
654 1708 790 1757 ordinaturi
810 1738 818 1747 ·
852 1707 929 1756 nodus
942 1709 965 1756 N
977 1720 1097 1770 promotus
1107 1718 1142 1757 est
1152 1719 1236 1758 contra
1244 1710 1356 1758 ordinem
1377 1711 1384 1723 “

192 1791 275 1822 norum
283 1785 391 1834 sumptus
400 1789 448 1820 non
456 1774 546 1821 excedit
555 1774 762 1825 semi-circulumi
812 1803 820 1814 ·
851 1785 879 1822 ut
889 1774 968 1834 prium
985 1790 999 1821 e
1052 1774 1196 1836 ubicumque
1207 1775 1239 1822 ait
1249 1724 1470 1836 pumturum

191 1853 237 1899 que
253 1848 369 1899 punctum
382 1838 406 1885 N
423 1839 467 1885 erit
485 1839 510 1884 in
527 1838 685 1885 aemi-circulo
705 1840 728 1887 A
742 1839 767 1894 Q
780 1840 818 1897 B;
852 1838 933 1901 auguli
948 1839 1003 1894 QT
1034 1872 1041 1896 ,
1054 1839 1078 1886 N
1090 1838 1113 1886 T
1123 1839 1152 1895 P,
1165 1839 1218 1888 ST
1229 1840 1253 1887 N
1264 1840 1316 1888 aiut
1325 1839 1467 1903 adrim-

190 1913 301 1963 praeterea
308 1918 376 1950 meus
385 1903 411 1958 Q
420 1901 577 1950 Pseoundirm
586 1901 691 1949 ordinem
699 1903 819 1966 signorum
851 1913 890 1951 tua
903 1902 956 1950 nodi
967 1912 1003 1951 eat
1013 1904 1160 1967 ιεςιωίιιιι.

190 1977 305 2027 sumptus,
325 1973 371 2014 180
381 1983 416 2030 gr.
427 1982 475 2013 nou
486 1966 583 2021 excedit,
601 1967 644 2013 erit
655 1967 733 2030 itaque
744 1983 819 2029 punn-
884 1971 936 2016 Art.
957 1975 979 2016 ι,
1015 1968 1125 2015 Mutetur
1141 1969 1228 2016 horum
1247 1968 1392 2032 angulare·
1405 1968 1465 2033 p'r'a

190 2040 241 2077 turn
262 2031 284 2079 P
300 2031 326 2077 in
343 2030 538 2086 semi-circuloQ
555 2032 618 2093 Aq;
635 2030 737 2094 denique
751 2046 820 2079 arcus
851 2048 880 2080 ex
900 2032 998 2092 positivo
1014 2031 1039 2079 in
1057 2032 1194 2092 negativum
1212 2035 1368 2081 munatium
1382 2034 1465 2095 m

192 2094 217 2141 N
230 2094 252 2142 P
263 2094 420 2143 aemi-circulo
430 2098 504 2170 major
514 2111 564 2142 esse
575 2110 623 2142 uon
634 2093 709 2152 debet,
725 2096 766 2143 sed
776 2112 818 2157 po-
850 2097 944 2159 anguiia
954 2096 1047 2144 duobus
1057 2096 1160 2160 reliquis,
1171 2109 1253 2146 motus
1268 2097 1386 2147 nodum
1397 2112 1423 2146 ax
1433 2112 1462 2144 ra·

189 2168 233 2206 test
249 2160 286 2207 rel
305 2159 433 2221 quadrante
443 2174 521 2208 mmor
540 2159 576 2206 vei
592 2159 721 2221 quadrante
736 2163 818 2224 major,
851 2160 978 2225 gremivop
1069 2163 1119 2208 'vus
1130 2162 1176 2209 fiet.

190 2223 220 2270 sit
233 2223 256 2270 N
269 2223 428 2286 Pquadreute
438 2224 516 2273 minor
527 2224 589 2271 utin
600 2222 677 2287 figura
687 2234 772 2281 textus,
792 2226 818 2271 iu
883 2230 933 2275 Cor.
948 2232 970 2273 2.
1029 2237 1060 2273 rat
1070 2227 1173 2289 angulus
1185 2228 1213 2283 Q
1224 2227 1248 2274 T
1260 2227 1284 2275 P
1294 2229 1414 2290 negarim
1427 2228 1461 2273 br

188 2286 237 2349 qud
247 2288 342 2350 reliqua
360 2289 431 2352 hujus
442 2304 509 2336 casus
525 2287 670 2336 conditiones
684 2301 817 2348 occurrunt,
850 2300 892 2345 est,
904 2300 1018 2352 puumum
1031 2290 1053 2338 P
1068 2291 1099 2338 sit
1109 2291 1134 2337 iu
1144 2291 1307 2340 aemi-cirmlo
1325 2294 1408 2356 Qua
1421 2306 1459 2338 na·

188 2367 217 2399 er
225 2352 275 2413 ipsa
282 2353 379 2416 hujusce
387 2352 717 2415 proporo'oniaronstructioue

189 2416 263 2479 liqtret
279 2416 342 2480 quod
362 2417 433 2466 dueta
452 2418 481 2465 Μ
501 2419 522 2465 L
539 2433 592 2480 que
608 2417 718 2479 exprimit

188 2481 303 2530 amonem
312 2481 379 2536 Solio.
393 2479 506 2543 producti
516 2484 544 2530 M
557 2483 577 2530 P
587 2497 640 2546 qua
648 2481 717 2529 liuere

189 2544 305 2593 nodorum
317 2548 418 2594 occurrit
436 2546 461 2594 in
480 2563 512 2602 m,
532 2544 647 2609 producti
664 2548 682 2593 L
695 2546 717 2594 P

188 2625 241 2673 qu·
252 2611 352 2659 occurrit
362 2611 433 2672 piano
443 2611 556 2672 ecliptica
571 2611 597 2658 iu
613 2610 630 2666 Ι,
647 2609 679 2658 ita
689 2622 717 2658 ut

189 2673 512 2737 mlaitperalleluiineraM
525 2677 554 2732 L,
572 2673 628 2724 edm
647 2674 669 2723 L
687 2676 717 2724 ait

189 2753 267 2786 venua
276 2739 355 2787 Solem
366 2750 472 2802 respectu
479 2741 561 2802 puncti
574 2741 602 2788 Μ
614 2748 638 2786 et
647 2740 717 2787 linea

190 2803 219 2850 Μ
234 2804 255 2851 P
265 2820 298 2862 ιιι,
311 2803 333 2851 L
344 2804 382 2852 Pi
398 2821 448 2852 ausa
458 2805 589 2860 decusseut,
600 2815 716 2866 puuctum

188 2867 398 2917 leritremotiuaa
410 2869 464 2918 Soie
475 2869 545 2981 quAm
573 2879 715 2926 unotumm,

188 2929 289 3060 idussquo
298 2932 400 2997 angerius
413 2937 434 2981 A
449 2933 472 2981 Τ
507 2936 552 2981 ma·
569 2933 635 2981 rerit
643 2931 716 2996 qudm

188 3012 219 3043 an
263 3013 291 3044 us
312 2999 413 3055 ATm,
433 3013 491 3062 ergo
508 3013 524 3044 ιι
558 3008 716 3059 uaprourotua

189 3071 223 3106 ost
240 3074 321 3109 contra
338 3062 445 3110 ordinem
462 3064 592 3126 signorum,
610 3064 655 3110 hoc
672 3072 714 3119 est,

188 3125 239 3187 ejus
249 3136 327 3173 mutua
337 3137 371 3173 est
381 3127 527 3189 regressivus.

222 3190 257 3236 Sit
270 3191 294 3238 N
308 3192 329 3239 P
339 3191 467 3254 quadrante
478 3192 559 3254 major,
579 3202 629 3239 tum
647 3191 715 3238 linea

191 3253 213 3300 P
225 3256 262 3312 Μ,
284 3254 339 3304 PL
351 3270 397 3302 non
410 3256 511 3316 amplius
521 3266 590 3304 erunt
601 3266 714 3318 retropro-

188 3317 302 3367 ducendae
313 3331 340 3367 ut
351 3335 405 3366 cum
418 3319 479 3367 linei
497 3322 556 3368 TN
568 3332 713 3378 mucurrant,

187 3383 227 3430 sed
238 3395 369 3432 artronum
379 3383 500 3446 producte
510 3395 649 3433 concurrent
659 3400 714 3432 cum

992 3465 1062 3565 3522?
1070 3453 1445 3576 martiii&

990 3579 1444 3710 ιιιιιιιιιιιιι
1504 3642 1506 3649 ψ

990 3713 1148 3760 semi-circuio
1161 3714 1186 3768 Q
1199 3716 1222 3761 B
1234 3731 1250 3778 q
1260 3713 1381 3774 undrim
1389 3709 1446 3755 ΗΒ

990 3779 1120 3837 oppositam
1132 3778 1166 3824 illi
1177 3794 1252 3840 quam
1264 3776 1446 3827 mmmm

990 3842 1077 3888 circulo
1099 3844 1185 3904 QAq
1206 3854 1236 3891 ιιι
1251 3839 1446 3895 nonnuli*

991 3905 1091 3953 axvi.
1113 3907 1167 3953 uia
1184 3907 1205 3954 1.
1229 3908 1263 3954 a·
1282 3919 1311 3956 ur
1327 3899 1446 3969 mh

989 3970 1019 4016 ait
1037 3987 1051 4018 a
1072 3971 1126 4018 Sole
1143 3973 1259 4019 remotius
1273 3971 1343 4037 quin
1357 3978 1446 4033 ΜΠ

991 4035 1035 4092 Μ;
1048 4036 1150 4098 itaquesi
1165 4036 1186 4083 P
1200 4038 1224 4084 N
1236 4032 1446 4101 damian-b

989 4109 1019 4155 te,
1030 4100 1098 4146 liuere
1110 4101 1132 4147 L
1141 4100 1446 4163 Preuopmdmban

989 4174 1012 4210 et
1023 4176 1137 4226 punctum
1155 4165 1162 4210 l
1179 4167 1224 4213 erit
1236 4168 1332 4228 propina
1342 4166 1385 4215 Μ
1394 4158 1445 4225 φ’·

989 4240 1103 4290 punctum
1115 4246 1139 4275 m
1149 4249 1156 4287 5
1168 4228 1272 4295 idedqoe
1282 4231 1380 4296 angulut
1390 4229 1407 4276 A
1416 4219 1445 4271 ’Π

988 4294 1120 4341 minorent
1131 4296 1222 4357 angulo
1236 4298 1258 4342 A
1268 4297 1330 4353 Tm,
1341 4309 1390 4359 ergo
1406 4288 1446 4336 ὰ

988 4359 1134 4406 diminuatur
1145 4364 1250 4422 angulus
1268 4366 1289 4407 A
1305 4363 1328 4410 Τ
1339 4361 1362 4408 N
1375 4296 1445 4421 ‘A'

989 4425 1062 4470 mitur
1072 4435 1152 4470 contra
1163 4425 1272 4472 ordinem
1283 4423 1405 4489 rimu)
1416 4430 1446 4464 Ι)

988 4488 1033 4533 dus
1044 4488 1173 4535 secundum
1185 4489 1294 4538 ordinem
1311 4487 1449 4554 signam!

989 4565 1116 4612 pmmotus,
1125 4555 1224 4616 ejusque
1232 4565 1313 4602 motus
1321 4549 1449 4618 pegrdffl

498 4637 500 4640 ⁴
987 4627 1029 4664 est

187 4684 238 4747 eju·
248 4681 400 4744 productione
419 4684 476 4740 Tu,
494 4682 644 4745 aequoniam
655 4698 704 4729 aeae
715 4697 763 4729 non
774 4681 814 4729 de-
881 4682 905 4728 Si
926 4680 979 4728 verd
1001 4682 1060 4728 NP
1079 4686 1108 4729 ait
1119 4684 1193 4744 major
1203 4684 1336 4746 quadrante
1346 4688 1451 4732 auom!

187 4756 286 4801 cusam,
303 4746 405 4792 mauebit
416 4758 530 4806 punctum
547 4748 555 4793 l
571 4748 666 4807 pmpius
679 4747 727 4794 Soli
743 4746 814 4809 quim
847 4745 966 4806 productis
977 4746 1044 4793 lineis
1057 4747 1078 4794 P
1092 4749 1128 4801 Μ,
1143 4747 1198 4794 PL
1217 4762 1335 4808 pannum
1351 4750 1359 4796 Ι
1373 4739 1453 4795 anfi

188 4814 508 4875 purctu1n1115etangulus
528 4816 548 4857 A
564 4813 605 4856 'l'l
621 4811 698 4858 minor
714 4811 757 4856 erit
773 4826 813 4857 an·
848 4811 959 4857 remotius
980 4829 993 4858 a
1014 4812 1068 4858 Sole
1089 4811 1160 4873 quim
1183 4825 1301 4872 puuctum
1324 4830 1356 4871 m,
1377 4806 1453 4859 Μ
