3330 5692
192 546 264 611 cn.
283 544 365 626 nn]
570 548 637 614 sn
660 549 883 617 Taunum
907 551 1105 622 mesum
1372 561 1475 624 nnn
1525 520 1530 535 ’

186 721 324 806 trajicere
345 720 405 786 visi
420 733 502 786 umt
550 721 647 790 Unde
668 738 779 790 notum
801 727 918 791 factrnn
939 738 987 791 est
1015 728 1161 794 Planctus
1176 730 1246 796 illos
1260 753 1328 797 esse
1342 725 1475 816 corpora

183 853 282 916 opaca
305 856 326 896 a
353 833 429 898 Sole
453 832 615 899 illustrata.
662 835 702 901 In
723 836 813 914 Jove,
838 835 946 902 Marte
960 860 997 901 ac
1012 837 1137 903 Venere
1151 840 1282 905 maculae
1301 842 1475 908 observata

182 938 309 1006 bierunt
317 963 453 1028 quarum
461 954 566 1007 motus
578 944 766 1008 rotationem
776 944 902 1007 illorum
912 944 1109 1030 planetarum
1121 945 1204 1010 circel
1211 950 1375 1033 proprium
1383 974 1475 1017 axem

182 1050 304 1134 probat
359 1047 455 1115 Circei
467 1049 580 1116 Jovem
595 1065 731 1138 quatuor
745 1053 864 1118 revolvi
879 1054 1025 1119 videntur
1039 1055 1156 1120 lunulae
1170 1056 1259 1122 Jovis
1275 1080 1388 1143 corpus
1402 1083 1475 1145 per-

182 1158 277 1246 pemb
299 1159 494 1225 comitantes.
539 1161 622 1226 Sunt
642 1183 752 1226 omnes
774 1174 810 1226 ut
831 1175 863 1227 et
883 1163 1008 1248 Jupiter
1021 1163 1089 1247 ipse
1109 1186 1241 1249 corpora
1256 1187 1354 1251 opaca
1367 1168 1476 1234 lumen

183 1289 274 1333 sturm
286 1290 306 1330 a
319 1265 395 1332 Sole
404 1267 597 1344 mutuantia3
611 1289 686 1333 nam
696 1268 775 1334 Jove
789 1271 871 1333 inter
885 1270 968 1355 ipsas
980 1282 1011 1333 et
1023 1270 1130 1335 Solem
1144 1271 1366 1337 diametraliter
1379 1274 1475 1338 inter-

184 1378 299 1462 posito,
326 1377 447 1442 lumine
471 1379 637 1464 privantur
661 1391 694 1446 et
719 1380 797 1444 caelo
821 1401 932 1444 sereno
959 1394 1147 1445 evanescunt
1154 1404 1164 1457 3
1194 1382 1249 1446 ubi
1272 1382 1346 1446 verb
1372 1383 1476 1470 aliqua

183 1486 313 1552 Jovialis
335 1485 465 1552 Lnnula
484 1487 567 1551 iuter
590 1487 697 1554 Solem
712 1500 744 1552 et
758 1488 870 1552 Jovem
884 1488 1005 1564 transit,
1022 1490 1089 1572 ejus
1104 1489 1217 1554 umbra
1231 1490 1329 1554 instar
1342 1491 1475 1556 maculae

184 1596 283 1683 nigrae
307 1617 347 1661 ae
371 1593 517 1659 rotundoe
540 1594 724 1660 observatur
753 1595 787 1659 in
815 1596 884 1680 ipso
908 1595 997 1660 Jovis
1022 1594 1120 1660 disco.
1180 1595 1329 1682 Quinque
1357 1599 1475 1683 pariter

186 1703 322 1771 Lunuloe
339 1703 512 1768 Saturnum
526 1703 714 1769 comitantur
728 1714 761 1768 et
775 1701 860 1767 circii
874 1724 946 1767 emn
960 1702 1169 1768 revolutiones
1185 1727 1256 1768 suas
1270 1718 1369 1792 agunt
1382 1706 1475 1772 lumi·

187 1835 288 1900 neque
306 1811 474 1897 privantur
495 1810 573 1875 dum
597 1811 678 1876 radii
694 1812 818 1877 Solares
834 1834 852 1874 a
869 1811 997 1876 Saturni
1011 1831 1143 1895 corpore
1158 1834 1257 1897 opaco
1271 1813 1475 1898 intercipiun-

188 1936 247 1989 tur.
289 1918 459 2008 Hugeuius
470 1939 512 1984 ex
525 1921 662 2005 propriis
674 1920 942 1992 observationibus
957 1920 1063 1985 intulit
1074 1921 1246 1986 Saturnum
1260 1923 1344 2010 cingi
1358 1924 1476 1989 annulo

187 2029 282 2107 tenui,
302 2028 411 2114 plano,
433 2052 589 2115 nusquam
608 2029 785 2097 oohaerente
807 2053 879 2095 cum
900 2052 1032 2115 corpore
1045 2031 1173 2096 Saturni
1187 2044 1219 2096 et
1233 2032 1274 2096 ad
1290 2033 1475 2119 Eclipticam

189 2139 335 2205 inclinato
343 2162 357 2216 3
378 2161 451 2226 quoe
476 2139 669 2225 hypothesis,
692 2141 719 2206 si
734 2139 778 2208 itt
791 2163 876 2206 nune
889 2153 994 2226 potest
1007 2142 1167 2227 appellari,
1184 2165 1248 2207 non
1264 2143 1366 2209 soldm
1381 2146 1475 2212 Phae·

186 2246 326 2311 nomenis
346 2245 388 2309 ab
412 2245 566 2333 Hagenio
586 2246 767 2324 observatis,
789 2247 845 2312 sed
866 2260 899 2312 et
919 2247 988 2312 aliis
1009 2247 1152 2333 plurimis
1178 2272 1251 2336 quae
1271 2252 1386 2338 magnei
1405 2253 1476 2317 dili-

185 2356 287 2444 gentid
310 2379 332 2420 a
355 2355 488 2420 Cassino
511 2369 543 2420 et
570 2356 719 2421 Maraldo
740 2356 906 2421 observata
924 2355 1011 2420 fuere
1037 2356 1192 2422 satisfacit.
1247 2358 1393 2424 Tandem
1417 2383 1476 2446 per

185 2468 389 2553 telesoopium
410 2467 509 2532 stellae
529 2466 624 2556 longe
643 2468 750 2553 plures
764 2491 859 2555 quam
874 2467 966 2532 oculo
980 2466 1066 2530 nudo
1081 2480 1267 2545 cernuntur3
1292 2469 1398 2534 Stellre
1412 2471 1475 2534 illae

185 2602 258 2666 quaa
279 2579 454 2645 nebulosas
476 2580 585 2644 dicunt
605 2591 637 2644 et
650 2580 774 2669 integra
798 2580 849 2644 via
872 2579 972 2643 lactea
986 2577 1065 2642 nihil
1079 2578 1165 2642 aliud
1180 2591 1254 2643 sunt
1267 2602 1361 2665 quam
1375 2579 1473 2665 pluri-

184 2709 306 2751 marum
320 2687 483 2750 stellarum
497 2710 568 2774 quae
584 2687 675 2751 oculo
690 2709 755 2750 non
770 2687 1005 2774 distinguuntur
1020 2687 1191 2773 congeries.
1235 2687 1335 2751 Novoe
1350 2711 1475 2774 quoque

184 2796 214 2860 'm
240 2796 330 2862 crelis
360 2795 459 2860 stellae
480 2808 635 2880 apparent
656 2808 688 2859 et
709 2777 781 2882 quae
802 2794 876 2859 ante
899 2794 1096 2871 videbantur,
1120 2814 1347 2879 nonnunquam
1367 2796 1474 2858 incon-

186 2906 303 2992 spiouae
332 2905 426 2984 fiunt,
457 2905 582 2971 illarum
612 2905 758 2993 quaedam
794 2904 998 2990 apparitionis
1028 2915 1060 2966 et
1088 2901 1298 2986 disparitionis
1328 2904 1475 2987 periodos

184 3015 301 3082 labent
315 3038 391 3103 qnae
404 3015 573 3103 quamdam
587 3014 819 3102 regularitatem
841 3012 984 3075 obtinere
999 3009 1153 3086 videntur,
1170 3031 1339 3095 earumque
1353 3011 1475 3098 magni.

185 3128 259 3193 tmlo
272 3127 336 3193 sub
350 3127 441 3192 initio
456 3125 659 3212 apparitionis
674 3124 785 3189 crescit
799 3135 830 3187 et
845 3122 903 3187 snb
918 3121 1013 3186 finem
1028 3119 1187 3184 decrescit

223 3244 277 3301 42.
303 3236 340 3302 Si
356 3236 473 3322 saepius
487 3237 671 3300 observetur
685 3248 753 3298 turn
768 3245 873 3297 motus
890 3231 972 3297 Solis
986 3231 1020 3295 in
1036 3229 1189 3316 Eclipticsl
1212 3230 1280 3315 (15)
1296 3242 1363 3294 tum
1377 3231 1475 3316 ipsius

185 3345 335 3413 diameter
360 3370 517 3433 apparens
544 3348 613 3432 (89)
641 3343 735 3432 quam
761 3344 831 3408 fieri
853 3355 957 3429 potest
985 3339 1226 3417 accuratissime,
1254 3337 1336 3404 circa
1365 3339 1474 3406 datum

184 3468 336 3539 punctum
362 3456 396 3518 in
421 3456 518 3541 plano
539 3453 674 3519 describi
699 3453 815 3538 poterit
837 3474 934 3516 curva
954 3449 1062 3514 similis
1083 3449 1196 3512 orbitae
1211 3469 1305 3533 quam
1322 3446 1377 3512 Sol
1392 3447 1475 3512 eirca

184 3577 298 3628 terram
324 3587 510 3650 percurrere
533 3565 666 3628 videtur.
722 3563 807 3628 Nam
833 3558 905 3626 crim
926 3559 1069 3625 diametri
1096 3559 1177 3625 Solis
1202 3572 1387 3644 apparentes
1413 3558 1475 3622 sint

185 3672 345 3760 reciproce
366 3683 403 3737 ut
424 3674 523 3758 ipsius
546 3696 566 3735 a
587 3672 698 3736 tellure
719 3671 887 3748 distantiae,
912 3692 952 3733 ex
974 3669 1053 3733 datis
1076 3668 1234 3733 diametris
1254 3667 1475 3752 apparentibus

185 3779 298 3846 danmr
321 3780 541 3871 &standarum
561 3781 697 3844 rationes
720 3792 814 3843 etex
836 3779 910 3843 dato
932 3777 1013 3844 Solis
1028 3790 1116 3842 motu
1130 3777 1163 3840 in
1179 3775 1343 3861 Eclipticai,
1360 3775 1475 3841 dantur

186 3890 290 3978 auguli
304 3890 389 3953 inter
402 3888 471 3953 illas
485 3889 647 3953 distantias
663 3888 810 3952 contenti.
858 3887 892 3950 Si
907 3885 983 3950 verd
998 3907 1039 3949 ex
1052 3884 1233 3970 hujusmodi
1249 3883 1474 3949 observationi·

186 3997 242 4062 bus
264 3996 467 4062 conserantur
488 3997 634 4062 diametri
655 4009 843 4083 apparentes
861 3996 942 4061 Solis
958 4017 1029 4059 cum
1043 3995 1140 4079 ipsius
1156 3992 1298 4080 angulari
1313 3993 1475 4058 velocitate

187 4105 267 4170 circa
288 4119 416 4184 terram,
442 4119 572 4193 apparet
593 4130 681 4171 areas
704 4129 781 4193 quas
805 4106 859 4171 Sol
880 4106 968 4169 radio
983 4105 1024 4169 ad
1039 4118 1153 4169 terram
1170 4103 1265 4167 ducto
1278 4104 1383 4182 verrit,
1407 4127 1475 4170 esse

189 4216 381 4303 temporibus
395 4216 655 4302 proportionales,
672 4217 814 4304 Solisque
829 4216 962 4280 orbitam
973 4239 1038 4289 non
1048 4215 1182 4280 multum
1192 4214 1316 4280 differre
1327 4239 1346 4280 a
1357 4215 1474 4280 circulo

188 4338 218 4390 et
236 4325 351 4389 baberi
371 4347 465 4410 posse
487 4348 547 4411 pro
569 4325 670 4411 ellipsi
685 4327 773 4409 cujus
788 4325 970 4389 umbilicum
984 4325 1116 4388 alterum
1132 4336 1265 4407 occupat
1277 4335 1370 4391 terra
1416 4323 1472 4388 Est

189 4448 294 4500 autem
311 4435 394 4500 Solis
409 4434 562 4499 diameter
577 4458 731 4521 apparens
746 4436 948 4500 maxima'ttss'
965 4441 1034 4512 40¹3
1051 4448 1082 4499 et
1096 4436 1226 4500 minima
1240 4436 1292 4501 sl'
1307 4438 1364 4500 36⁰
1383 4432 1475 4519 juxti

190 4542 230 4609 D.
256 4543 383 4608 cassini
403 4542 437 4606 in
461 4542 594 4608 Tabulis
614 4543 843 4608 Astrouomicis
877 4556 909 4607 et
929 4542 1001 4607 ideo
1023 4543 1159 4606 maxima
1180 4543 1326 4608 distantia
1353 4542 1434 4607 Solis
1455 4565 1475 4607 a

190 4654 270 4720 ent
285 4667 335 4719 est
348 4653 389 4718 ad
404 4652 585 4718 distantiam
600 4655 761 4718 minimam
776 4666 812 4719 ut
828 4655 879 4718 32'
900 4653 959 4717 40st
982 4652 1025 4716 ad
1047 4657 1095 4717 81‘
1114 4653 1184 4729 36⁹,
1200 4652 1264 4716 sive
1279 4663 1315 4716 ut
1332 4660 1414 4717 1960
1433 4650 1475 4716 ad

193 4769 272 4828 1896
299 4762 437 4840 circiter,
465 4761 533 4827 sive
559 4768 622 4827 245
642 4761 683 4826 ad
707 4768 780 4831 237.
838 4760 891 4827 Ex
920 4759 1071 4824 similibus
1101 4759 1376 4838 observationibus,
1406 4772 1474 4826 tum

220 4871 281 4923 Vae
310 4873 350 4923 11.
862 4871 882 4918 C
