3330 5692
181 504 242 562 ³24
430 493 696 572 INQUISITIO
718 490 922 558 PHYSICA
946 491 997 556 ΙΝ
1021 488 1215 557 CAUSAM

179 693 264 736 mare
274 671 340 755 jam
354 669 516 753 deprimit3
539 690 609 755 quae
624 667 788 732 diminutio
802 665 875 731 crim
891 665 984 732 duret
1000 663 1064 729 ferd
1079 662 1233 751 usquead
1248 661 1460 749 quadraturas

180 802 305 846 necesse
330 790 378 843 est
401 791 436 842 ut
460 776 508 843 his
533 777 724 862 temporibus
748 777 853 840 fluxus
879 775 979 840 multo
1004 773 1095 841 citirls
1115 789 1189 861 post
1210 773 1461 839 culminationenr

176 888 282 952 ¹Lunae
304 898 481 972 sequantur,
506 885 683 971 viribusque
703 883 936 949 sollicitantibus
956 885 1057 970 magis
1079 883 1312 968 obtemperent,
1338 882 1385 947 uti
1405 880 1461 946 boc

180 995 276 1061 insitis
291 1001 314 1078 §.
331 1004 381 1060 91.
405 995 635 1080 explicavimus,
659 995 742 1059 unde
764 1008 886 1080 tempus
901 994 1116 1059 retardationis
1135 995 1168 1058 in
1184 993 1385 1081 quadramrb
1399 1007 1461 1058 tan·

180 1119 247 1169 tum
260 1103 319 1168 erit
334 1116 347 1166 t
360 1141 404 1152 -
417 1110 439 1165 t.
485 1100 562 1166 Post
576 1100 779 1186 quadraturas
798 1115 903 1166 autem
918 1101 974 1167 Sol
988 1103 1088 1166 exerit
1102 1102 1295 1166 contrarium
1308 1100 1461 1176 effecmm,

78 1262 82 1276 .
180 1229 272 1301 atque
286 1214 453 1277 adventum
466 1211 572 1276 fluxius
586 1210 734 1275 continui)
749 1212 847 1297 magis
863 1211 1011 1288 retardat,
1034 1212 1128 1298 idque
1141 1211 1259 1297 oeqmti
1271 1208 1376 1286 modo,
1397 1230 1461 1294 quo

182 1322 253 1387 aute
278 1322 510 1397 acceleraverat,
537 1342 577 1382 ex
602 1341 665 1405 quo
690 1341 788 1405 usque
813 1319 853 1384 ad
879 1333 1060 1405 sequentem
1083 1320 1242 1407 syzygiam
1268 1316 1461 1383 intevdlum

183 1438 280 1496 t-t
300 1432 413 1494 iterum
435 1427 475 1491 ad
489 1441 504 1492 t
517 1451 615 1515 usque
629 1428 802 1516 augebitur.
848 1428 1017 1516 Hujusque
1030 1428 1232 1513 phaenomem
1255 1427 1353 1495 sotius
1365 1427 1461 1511 expli-

181 1541 262 1607 catio
287 1539 426 1618 sufficere
448 1551 553 1623 posset
572 1537 614 1602 ad
629 1539 789 1602 veritatem
810 1537 938 1602 theoriae
960 1551 1077 1603 nostrae
1098 1536 1317 1614 evincendam,
1338 1534 1411 1603 ciuu
1429 1535 1460 1600 id

181 1650 324 1715 omnibus
346 1648 413 1712 aliis
435 1646 562 1712 theoriis
584 1647 741 1733 explicatu
756 1649 796 1712 sit
816 1648 1045 1733 insuperabile3
1069 1670 1172 1734 neque
1186 1671 1205 1712 a
1219 1647 1350 1713 nemine
1363 1646 1460 1712 adhuc

182 1758 289 1822 saltem
304 1755 473 1841 probabilis
488 1757 554 1841 ejus
569 1779 662 1821 causa
678 1756 717 1820 sit
731 1757 895 1844 assignata

223 1870 247 1946 t.
276 1872 347 1932 107.
385 1862 540 1928 Octavum
578 1863 808 1949 phaenomenon
842 1878 984 1949 petamus
1013 1887 1055 1929 ex
1088 1865 1303 1951 inaequalitate
1333 1865 1459 1932 dmm

73 2014 74 2019 κ
179 1971 321 2048 fluxuum
352 1994 418 2035 sese
447 1971 622 2035 immediate
650 1972 889 2057 insequentium,
916 1994 1050 2058 quorum
1078 1972 1157 2037 alter
1186 1973 1336 2039 transitui
1364 1973 1458 2039 Inna

180 2080 331 2165 superiori
361 2103 418 2166 per
446 2080 652 2146 meridianum
680 2083 857 2168 respondet,
885 2084 962 2147 alter
991 2081 1140 2161 inferiori,
1170 2106 1243 2170 quae
1271 2085 1458 2172 inoeqtulims

179 2187 315 2252 maxime
337 2189 546 2253 observatur
537 2212 571 2253 rn
593 2190 770 2277 regionibus
791 2191 831 2255 ab
852 2204 1009 2277 aequatore
1031 2191 1164 2256 multum
1183 2194 1328 2271 remotis,
1350 2216 1386 2261 ac
1399 2207 1457 2259 tu

181 2294 252 2360 crim
279 2295 380 2359 Lunoe
406 2295 571 2361 declinatio
595 2311 643 2361 est
664 2298 810 2362 maxima.
855 2298 993 2363 Theoria
1017 2298 1144 2384 quidem
1168 2299 1312 2365 declarat
1334 2302 1456 2378 Iamna,

183 2409 299 2474 etiamsi
325 2409 356 2472 in
383 2411 451 2494 ipso
476 2423 635 2496 aequatore
658 2423 806 2489 versetur,
833 2423 936 2474 tamen
960 2411 1071 2496 majori
1094 2411 1126 2474 vi
1150 2410 1295 2498 gaudere
1317 2411 1362 2476 ad
1381 2434 1457 2477 me

184 2516 378 2594 movendum,
404 2518 530 2604 quando
556 2541 650 2602 super
678 2517 840 2591 horizonte
865 2517 1071 2591 meridianum
1097 2516 1232 2605 attingit,
1264 2517 1361 2604 qurim
1387 2516 1457 2581 inira

183 2625 391 2702 horizontem3
414 2637 446 2688 at
459 2624 625 2689 discrimen
641 2625 699 2689 sub
715 2637 872 2712 aequatore
885 2638 948 2690 tam
964 2639 1011 2689 est
1021 2626 1180 2712 exiguum,
1192 2640 1229 2690 ut
1242 2627 1300 2690 vix
1313 2628 1348 2690 in
1360 2646 1456 2692 satan

183 2759 345 2803 occurrere
365 2751 468 2824 queat,
491 2737 647 2826 integrum
668 2738 751 2802 enim
773 2737 906 2825 digitum
928 2759 992 2801 non
1014 2737 1138 2823 attingit
1160 2741 1196 2820 (§.
1213 2738 1307 2817 41.);
1327 2737 1455 2825 myreis

182 2846 360 2935 regionibus
375 2846 415 2910 ab
429 2858 587 2932 oequatore
601 2847 728 2910 remotis
743 2845 780 2910 fit
794 2844 894 2910 multb
905 2846 1018 2910 minus.
1063 2845 1148 2908 Vera
1161 2844 1258 2932 igitur
1273 2844 1370 2930 hujus
1381 2844 1454 2930 ph*

180 2957 305 3019 numeni
330 2956 409 3020 ratio
433 2957 465 3018 in
490 2955 652 3020 altitudine
675 2956 776 3019 Lunae
798 2954 968 3019 meridiani
991 2976 1047 3018 seu
1070 2953 1220 3017 durantia
1240 2953 1284 3017 ab
1305 2954 1453 3018 horinantt

184 3065 379 3140 continetur;
401 3065 473 3128 hinc
496 3065 578 3128 enim
601 3065 739 3150 sequitur
761 3070 825 3151 qud
847 3067 944 3149 major
959 3063 1052 3128 fuerit
1066 3064 1240 3128 differentiis
1256 3065 1341 3128 inter
1354 3063 1452 3127 disan

179 3176 236 3238 tias
252 3176 352 3239 Lunae
367 3175 407 3238 ab
421 3174 592 3252 horizonte,
609 3176 683 3238 dum
700 3196 757 3259 per
772 3174 975 3237 meridianum
992 3176 1102 3237 transit
1117 3187 1183 3237 tum
1195 3197 1294 3258 super
1308 3174 1449 3238 horizonte

179 3297 244 3346 turn
261 3284 319 3347 sub
333 3283 504 3358 horizonte,
517 3282 554 3345 ed
570 3285 718 3367 majorem
735 3305 801 3346 esse
816 3282 929 3345 debere
945 3281 1149 3345 differentiam
1165 3282 1247 3345 inter
1263 3280 1448 3345 binoctium

180 3393 378 3468 successivos,
404 3415 442 3454 ex
465 3415 527 3477 quo
549 3393 749 3475 perspicuum
764 3405 810 3455 est
832 3392 920 3454 istam
936 3391 1141 3454 differentiam
1157 3390 1267 3454 versds
1289 3391 1375 3476 polos
1387 3408 1445 3451 oon·

179 3501 266 3564 tinud
282 3522 419 3564 crescere
434 3500 558 3577 debere,
581 3500 607 3562 si
629 3499 755 3584 quidem
778 3500 871 3564 Luna
892 3499 1004 3561 habeat
1026 3498 1277 3562 declinationem.
1322 3491 1442 3572 Quodsi

179 3629 254 3693 ergo
270 3608 361 3671 Luna
383 3605 527 3670 habuerit
541 3607 781 3672 declinationem
804 3607 971 3682 borealem,
996 3621 1062 3668 tum
1084 3608 1115 3668 in
1140 3608 1318 3692 regionibns
1336 3615 1439 3687 septen·

178 3713 361 3777 trionalibus
375 3714 481 3776 fluxus
496 3714 555 3777 erit
570 3715 669 3798 major
683 3714 737 3799 qui
753 3714 913 3778 transitum
938 3714 1038 3777 Lunae
1053 3735 1109 3797 per
1124 3714 1329 3778 meridianum
1341 3707 1439 3794 superl-

178 3843 264 3884 orem
280 3822 428 3906 sequitur,
446 3822 523 3885 alter
539 3822 613 3885 verb
629 3845 770 3908 sequens,
784 3825 837 3908 qui
853 3824 994 3886 transitui
1010 3823 1147 3886 inferiori
1162 3825 1340 3910 respondet,
1350 3822 1437 3886 minut

180 3932 299 3996 Contrsl
322 3949 425 3997 autem
452 3935 477 3997 si
503 3935 606 4029 Lunae
630 3934 797 3997 declinatio
823 3934 914 3999 suerit
939 3936 1091 4012 australis,
1123 3936 1271 4020 appulsui
1297 3925 1435 4000 Lunaed

179 4040 383 4106 meridianum
399 4044 551 4126 superiori
573 4043 676 4105 fluxus
693 4042 838 4106 succedet
852 4044 962 4119 minor,
988 4042 1124 4105 inferiori
1140 4044 1216 4105 verd
1231 4046 1345 4128 major;
1365 4014 1495 4103 hm:

179 4169 240 4230 que
255 4146 459 4212 differentiam
474 4149 680 4213 Flamstedius
696 4150 870 4213 observavit
885 4151 1059 4237 diligenter,
1073 4151 1256 4236 nullumque
1267 4166 1316 4215 est
1326 4148 1434 4214 dubium»
1491 4073 1495 4207 l

180 4252 254 4335 quin
285 4277 321 4316 ea
349 4279 406 4340 per
436 4257 661 4341 copiosissimas
691 4258 930 4334 observationes,
958 4282 1034 4344 quas
1065 4259 1237 4322 Academia
1267 4255 1435 4323 celeberrin

181 4359 282 4444 Regia
309 4361 449 4427 Parisina
475 4366 609 4452 collegit,
638 4366 765 4428 omnino
793 4367 1004 4430 confirmetur.
1058 4368 1097 4429 ln
1123 4367 1183 4431 hoc
1210 4383 1316 4432 autem
1341 4359 1436 4451 negarit

180 4469 299 4534 indoles
320 4474 462 4539 fluxuum
484 4477 582 4561 probis
607 4491 655 4541 est
679 4478 881 4562 inspicienda,
907 4480 1053 4563 quoniam
1078 4480 1234 4564 aliquibus
1259 4482 1293 4543 in
1317 4473 1438 4564 portule

180 4592 342 4661 tantopere
364 4585 569 4663 retardantur,
594 4601 628 4650 ut
650 4588 848 4672 sequentibus
872 4589 972 4651 Lunae
992 4591 1172 4654 transitibus
1187 4613 1245 4675 per
1261 4589 1439 4655 meridiane

182 4690 242 4751 sint
267 4689 437 4770 propiores,
463 4695 554 4778 quern
582 4697 635 4771 illi,
664 4700 713 4760 cui
741 4721 827 4760 suam
851 4699 1004 4784 originem
1030 4700 1161 4774 debent;
1195 4702 1237 4764 ita
1262 4701 1442 4781 Duulrerqssss

181 4799 262 4862 circa
278 4798 417 4882 syzygias
433 4800 536 4864 fluxus
553 4805 674 4868 circiter
690 4806 818 4869 meridie
841 4807 996 4870 observari
1019 4810 1104 4885 solet,
1129 4831 1231 4895 neque
1247 4811 1323 4875 verb
1345 4809 1385 4872 illi
1403 4804 1448 4883 i1¹⁶¹
