3330 5692
341 561 532 630 FLUXUS
555 563 615 630 tc
642 562 897 629 REFLUXUS
921 562 1081 628 MARIS.
1290 571 1353 627 329

66 735 297 825 adjudicantur,
314 748 407 821 atque
420 734 461 798 ad
476 757 582 798 omnes
597 734 732 799 theorias
746 734 836 821 arque
851 736 1017 820 pertinent.
1057 735 1271 811 Quamobrem
1286 735 1356 798 ulti·

67 871 157 912 mum
176 848 236 912 hoc
259 848 364 932 Caput
387 847 607 911 destinavimus
629 847 827 930 explicationi
849 845 1128 930 phoenomenorum
1150 846 1356 930 quorumdam

67 954 283 1042 singularium,
307 975 440 1038 quorum
461 975 555 1017 causa
575 976 639 1016 non
654 969 717 1017 tam
732 954 765 1016 in
786 951 852 1036 ipsit
868 952 948 1038 aquai
963 952 1145 1046 viribusque
1160 975 1227 1015 eam
1243 953 1357 1017 sollici·

67 1065 219 1142 tontibus,
237 1061 331 1151 qutim
345 1065 378 1127 in
394 1062 494 1128 Termi
510 1064 680 1127 continenti
695 1063 911 1147 littoribusque
925 1075 972 1125 est
987 1061 1176 1147 quaerenda:
1199 1062 1259 1124 hac
1273 1063 1356 1124 enim

64 1189 158 1261 parte
177 1174 319 1239 absolutis
340 1175 418 1238 nihil
440 1173 573 1258 ampliris
589 1187 704 1239 restare
718 1173 850 1251 videtur,
873 1174 958 1260 quod
973 1174 1022 1237 vel
1037 1173 1077 1238 ad
1092 1173 1223 1237 theoriae
1238 1188 1356 1237 nostrae

68 1281 349 1360 confirmationem,
371 1281 420 1345 vel
442 1282 482 1346 ad
504 1283 644 1345 omnium
665 1283 945 1367 phaenomenorum
965 1280 1160 1367 adaquatum
1175 1282 1358 1366 explicatio-

65 1413 139 1455 nem
155 1390 327 1455 desideruri
341 1401 443 1475 queat.
493 1389 644 1465 Quamvis
667 1391 749 1452 enim
772 1389 977 1453 illustrissima
992 1389 1164 1453 Academia
1182 1402 1281 1452 totum
1297 1389 1357 1453 hoc

65 1507 286 1582 argumentum
307 1518 371 1559 non
392 1493 515 1581 penitds
538 1495 696 1560 exhauriri
713 1497 831 1582 jubeat,
856 1495 928 1561 crim
950 1496 1055 1562 adhuc
1075 1497 1240 1562 nonnullas
1255 1521 1357 1584 quaes·
1420 1526 1423 1533 ·

63 1606 168 1670 tiones
188 1605 230 1669 de
254 1605 364 1669 eodem
384 1606 417 1668 in
440 1619 599 1690 posterum
621 1628 798 1690 proponere
820 1607 1038 1683 constituisset,
1070 1621 1174 1671 tamen
1195 1609 1268 1693 quia
1295 1607 1356 1672 boc

65 1725 208 1798 tempore
231 1735 303 1776 vera
324 1735 418 1777 causa
438 1713 565 1798 physica
588 1713 791 1790 desideratur,
814 1715 975 1778 veritatem
997 1728 1113 1778 nostrae
1136 1716 1267 1779 theorioe
1291 1739 1356 1780 non

64 1824 142 1888 sau's
155 1822 334 1886 confirmari
349 1823 544 1899 arbitramur,
562 1822 621 1886 nisi
635 1825 701 1908 ejus
716 1824 966 1888 convenientiam
982 1845 1054 1887 cum
1066 1825 1211 1888 omnibus
1226 1825 1357 1909 phaeno-

63 1930 166 1994 menis
180 1929 315 1994 dilucide
329 1930 574 2005 ostenderemus,
599 1928 670 1993 crim
685 1931 711 1993 si
729 1930 778 1993 vel
796 1931 924 1994 unicum
941 1929 1171 2015 phaenomenon
1186 1929 1357 2017 refragare-

64 2051 129 2117 tur,
155 2062 195 2103 eo
219 2040 288 2125 ipso
310 2051 377 2103 tota
398 2039 517 2103 theoria
544 2040 791 2115 subverteretur3
815 2062 907 2126 quam
931 2041 973 2104 ob
996 2062 1120 2103 causam
1147 2039 1356 2123 prolixitatem

63 2160 185 2212 nostrae
204 2149 404 2225 tractationis,
428 2162 520 2233 atque
541 2150 817 2236 transgressionem
835 2150 969 2214 limitum
989 2151 1244 2235 praescriptorum
1265 2152 1357 2216 nobis

68 2255 137 2318 siue
152 2254 334 2319 difficultate
348 2255 559 2319 condonatum
573 2257 612 2319 iri
627 2256 822 2320 confidimus.

107 2369 133 2445 §.
152 2371 226 2427 118.
252 2361 393 2427 Primum
407 2377 511 2427 autern
525 2364 724 2447 perspicuum
740 2375 795 2439 est,
813 2376 931 2426 motum
947 2365 1040 2427 maris
1056 2363 1279 2428 horizontalem
1294 2389 1358 2451 quo

63 2469 112 2535 vel
127 2469 236 2535 vereris
251 2472 402 2535 orientem
417 2472 467 2534 vel
482 2471 675 2535 occidentem
689 2471 898 2559 progreditur,
922 2473 964 2535 ob
980 2472 1113 2536 Terram
1135 2474 1352 2558 interpositam

64 2600 130 2642 nou
152 2578 262 2642 solum.
276 2579 462 2663 perturbari,
486 2577 594 2642 verdm
610 2580 703 2642 etiarn
717 2578 905 2663 quandoque
926 2601 1054 2663 prorsus
1072 2580 1216 2662 impediri
1232 2580 1356 2644 debere.

65 2686 170 2774 Suprri
186 2689 270 2752 enim
283 2689 485 2764 ostendimus,
503 2689 529 2751 si
549 2702 615 2751 tcta
630 2688 732 2751 Terra
746 2686 825 2772 aqut
846 2700 927 2750 esset
941 2686 1136 2764 circumfusa,
1160 2700 1227 2751 tum
1242 2688 1357 2773 ubique

63 2797 101 2860 ad
122 2798 248 2861 fluxum
269 2796 467 2861 formandum
489 2819 601 2882 aquam
624 2796 664 2859 ab
686 2795 806 2858 oriente
827 2793 939 2858 advehi
963 2794 1088 2870 debere,
1113 2807 1187 2858 ante
1201 2795 1355 2859 refluxum

62 2917 168 2969 autem
193 2903 300 2969 versis
325 2917 428 2968 ortum
454 2905 599 2968 defluere.
645 2901 790 2977 Quodsi
816 2923 892 2988 ergo
914 2923 1048 2964 oceanus
1070 2900 1178 2966 versirs
1199 2903 1350 2966 orientem

63 3011 176 3077 Terris
199 3012 391 3089 terminetur,
416 3012 484 3076 fieri
509 3012 638 3075 omnino
663 3011 771 3096 nequit
796 3022 936 3093 tempore
961 3009 1065 3073 fluxim
1092 3010 1133 3073 ad
1155 3010 1225 3074 haec
1250 3011 1356 3075 littora

57 3141 144 3206 aqua
164 3120 207 3184 ab
228 3122 348 3185 oriente
369 3121 483 3197 affluat,
506 3143 569 3206 quo
587 3121 655 3204 ipso
670 3141 779 3183 cursus
793 3142 883 3204 aquoe
897 3118 1047 3182 naturalis
1063 3118 1186 3203 penitius
1202 3122 1355 3205 impedie-

58 3240 121 3292 tur.
170 3227 331 3302 Quoniam
346 3244 449 3292 autem
463 3230 544 3291 vires
561 3227 642 3293 Solis
658 3250 695 3291 ac
718 3228 820 3292 Lunoe
835 3225 1036 3290 nihilomimis
1054 3227 1102 3290 his
1126 3230 1158 3290 in
1174 3230 1355 3315 regionibus

55 3357 149 3403 mare
171 3338 314 3401 attollere
336 3353 498 3412 conantur,
521 3337 665 3400 effectum
688 3337 835 3421 consequi
860 3359 922 3398 non
946 3349 1104 3418 poterunt,
1130 3337 1190 3400 nisi
1214 3361 1295 3423 aqua
1315 3340 1356 3403 ab

54 3447 227 3514 occidente
240 3448 404 3513 afferatur:
428 3452 472 3513 sic
487 3450 613 3535 quando
628 3449 669 3512 ad
684 3449 789 3512 littora
806 3449 944 3533 Europae
959 3471 1039 3534 aqua
1054 3472 1073 3511 a
1087 3450 1205 3513 viribus
1222 3451 1304 3515 Solis
1319 3474 1355 3515 ac

54 3555 166 3621 Lunae
187 3556 334 3634 elevatur,
358 3581 439 3643 aqua
453 3559 493 3622 ab
507 3558 667 3621 occidente
683 3556 721 3620 eb
736 3556 892 3620 deleratur
906 3578 1032 3620 necesse
1048 3569 1102 3634 est,
1127 3557 1167 3620 ab
1182 3558 1218 3620 iis
1234 3559 1354 3623 scilicet

53 3665 253 3754 regionibus,
276 3667 330 3730 ubi
353 3690 433 3752 aqua
448 3666 559 3730 eodem
577 3679 717 3749 tempore
734 3665 946 3749 deprimetur3
969 3664 1055 3749 quod
1076 3665 1159 3728 idem
1177 3666 1245 3729 fieri
1261 3666 1355 3730 debet

54 3775 101 3839 ad
120 3775 230 3839 littora
245 3775 362 3839 Africa
377 3789 408 3839 et
424 3778 580 3839 Americae
604 3774 817 3838 occidentalia.
863 3772 982 3837 Contrsi
996 3772 1072 3837 verb
1087 3773 1127 3836 ad
1144 3775 1251 3838 littora
1266 3777 1354 3839 Asiae

55 3895 93 3947 et
116 3885 274 3948 Ameriooe
300 3884 462 3949 orientalia
487 3907 568 3969 aqua
593 3883 727 3946 naturali
753 3895 841 3945 motu
867 3880 991 3958 feretur,
1019 3895 1112 3967 atque
1137 3883 1170 3944 in
1194 3883 1283 3946 fluxu
1313 3885 1354 3947 ab

57 3991 181 4055 oriente
194 3991 348 4069 adveniet,
365 3993 398 4055 in
413 3993 535 4055 refluxu
550 3991 625 4055 verb
640 3989 748 4054 versris
763 3990 913 4054 orientem
929 3988 1062 4053 recedet.
1108 3990 1201 4052 Vires
1217 4011 1352 4074 namque

55 4095 147 4163 *Solis
167 4122 204 4164 ac
227 4101 329 4165 Lunae
351 4113 471 4163 motum
492 4123 584 4185 aquae
605 4098 829 4162 horizontalem
850 4120 915 4161 uon
936 4119 993 4191 per
1007 4120 1040 4160 se
1054 4096 1272 4174 determinant,
1296 4097 1351 4161 sed

65 4206 189 4271 &teum
210 4221 342 4285 tantum,
366 4209 518 4294 quitenus
533 4207 600 4270 aliis
622 4208 655 4268 in
676 4206 753 4268 locis
768 4228 881 4291 aquam
896 4205 1051 4281 attollunt,
1067 4203 1135 4266 aliis
1150 4203 1225 4267 verb
1240 4204 1352 4268 eodem

71 4317 205 4396 tempore
229 4313 430 4399 deprimunt;
468 4327 561 4399 atque
587 4336 668 4398 aqua
695 4312 736 4375 ob
760 4313 920 4395 propriam
945 4313 1127 4398 gravitatem
1153 4333 1224 4374 eum
1251 4310 1353 4399 seligit

74 4429 193 4498 motum,
217 4443 281 4506 quo
301 4421 446 4485 facillime
468 4443 487 4483 a
508 4421 585 4484 locis
600 4420 712 4506 quibus
727 4420 921 4503 deprimitur,
937 4419 977 4483 ad
993 4420 1061 4482 loca
1075 4419 1187 4504 quibus
1201 4420 1353 4485 attollitur

78 4539 300 4602 promoveatur:
324 4534 527 4619 quamobrem
550 4534 607 4596 iste
630 4544 731 4594 motus
756 4530 890 4594 maxime
913 4555 932 4593 a
947 4530 1056 4593 Terris
1078 4551 1229 4594 oceanum
1252 4533 1352 4597 inclu-

10 4714 14 4722 .
83 4625 209 4704 duribus
224 4640 449 4706 determinetur
464 4665 590 4705 necesse
605 4655 660 4705 est.
708 4640 795 4704 Hinc
811 4641 905 4726 igitur
920 4641 1080 4724 perspecti
1096 4642 1248 4725 positione
1268 4644 1352 4708 litto-

86 4753 139 4807 rum
160 4748 296 4831 cujusvis
318 4750 413 4812 maris
435 4748 524 4812 tacite
539 4749 662 4813 definiri
684 4749 807 4833 poterit,
831 4771 998 4833 aquaram
1013 4747 1105 4835 plagia
1121 4774 1202 4837 aqua
1216 4752 1248 4814 in
1262 4753 1350 4815 fluxu

11 4922 18 4929 ‚
46 4860 49 4865 '
84 4853 177 4933 tenire,
201 4878 414 4944 quorsumque
435 4857 469 4922 in
490 4859 613 4924 refluxu
635 4857 785 4923 decedere
808 4857 929 4936 debeat,
952 4859 978 4923 si
1001 4857 1095 4923 modo
1117 4860 1302 4925 elevationes
1319 4875 1350 4925 et
