3330 5692
456 526 649 655 FLuxu’s
671 585 734 653 Ac
759 584 1015 653 REFLUXUS
1037 584 1195 653 MARIS.
1408 596 1471 655 298

184 759 310 827 dramni
330 771 379 826 tot
398 759 526 825 minutis
547 771 619 845 post
640 761 814 825 transitum.
860 759 1060 825 Contrarium
1075 760 1178 824 evenit
1192 762 1219 824 si
1236 760 1285 824 vel
1304 760 1397 826 Luna
1411 766 1471 830 sub

185 872 288 937 Terra
301 871 344 937 ad
356 872 565 936 meridianum
579 870 725 956 appellat,
742 870 791 934 vel
808 869 862 936 Sol
882 869 915 933 in
930 869 1061 933 solstitio
1076 868 1211 955 hyemali
1226 882 1374 936 versetur.
1419 876 1472 939 Ex

183 981 234 1045 bis
256 981 353 1069 igitur
373 979 524 1059 formulis,
550 981 576 1045 si
599 981 715 1045 tabulae
735 980 950 1057 adhibeantur,
969 1002 1032 1044 non
1055 981 1115 1044 erit
1135 979 1260 1044 difficile
1280 1003 1340 1065 pro
1362 985 1472 1070 quovis

182 1090 253 1153 loco
275 1090 389 1153 Terrae
409 1088 450 1153 ad
472 1088 605 1177 quodvis
624 1102 747 1175 tempus
762 1088 903 1165 definire,
920 1100 1069 1174 quantum
1084 1088 1224 1152 maxima
1236 1110 1326 1175 aquae
1342 1090 1472 1157 elevatio

183 1196 349 1259 transitum
370 1195 473 1260 Lunae
493 1218 552 1281 per
572 1196 779 1259 meridianum
793 1196 844 1259 vel
857 1194 1036 1281 praecedere
1050 1194 1099 1258 vel
1115 1195 1203 1281 sequi
1218 1194 1346 1272 debeat3
1368 1199 1472 1281 cujus-

180 1305 269 1368 modi
293 1306 530 1389 supputationes
553 1307 722 1370 maximam
746 1306 839 1369 etiam
863 1305 992 1370 afferent
1022 1305 1195 1384 utilitatem,
1226 1306 1352 1392 quando
1378 1309 1471 1373 etiam

181 1411 305 1474 mertiae
320 1432 411 1495 aquae
426 1410 506 1475 ratio
520 1411 696 1475 habebitur.

223 1526 246 1602 l.
265 1527 318 1588 67.
343 1518 502 1596 Quoniam
517 1520 614 1607 igitur
628 1521 701 1584 satis
717 1532 764 1583 est
778 1521 964 1605 expositum,
981 1542 1044 1605 quo
1057 1534 1217 1586 momento
1227 1544 1318 1587 mare
1333 1522 1470 1588 maxime

184 1631 224 1692 sit
237 1629 402 1704 elevatum,
419 1629 588 1691 maximam
603 1651 727 1715 quoque
740 1629 835 1691 maris
850 1628 1081 1712 depressionem
1097 1628 1227 1693 delinire
1242 1630 1471 1718 aggrediamur.

186 1738 234 1801 Ac
249 1734 352 1822 primd
367 1736 494 1822 quidem
508 1734 707 1800 manifestum
721 1747 777 1812 est,
801 1735 826 1798 si
841 1735 908 1799 sola
922 1736 1016 1800 Luna
1030 1757 1116 1800 mare
1133 1738 1274 1824 agitaret,
1298 1751 1365 1802 tum
1382 1739 1473 1803 mini·

183 1866 268 1908 mam
290 1866 380 1930 aquae
402 1843 597 1907 altitudinem
619 1843 818 1906 observatum
839 1843 888 1920 in‘,
912 1865 950 1906 eo
971 1844 1041 1927 ipso
1055 1856 1223 1922 moment0,
1247 1867 1310 1930 quo
1325 1845 1418 1909 Luna
1439 1847 1472 1909 in

184 1952 347 2015 horizonte
369 1962 527 2014 versetur:
552 1962 644 2037 atque
666 1950 740 2012 hinc
760 1951 960 2035 perspicuum
975 1963 1031 2028 ast,
1054 1951 1138 2016 idem
1153 1974 1212 2015 usu
1227 1953 1333 2017 venire
1347 1953 1471 2037 debere,

185 2063 212 2125 si
235 2063 291 2128 Sol
312 2061 424 2126 eodem
444 2073 604 2125 momento
618 2082 742 2146 quoque
757 2060 790 2122 in
804 2058 966 2124 horizonte
981 2060 1103 2139 existat,
1125 2060 1159 2124 id
1174 2060 1259 2148 quod
1274 2062 1386 2126 accidit
1400 2061 1474 2127 caim

185 2169 350 2233 noviluniis
372 2166 440 2232 him
460 2167 648 2253 pleniluniis.
695 2167 853 2230 Proeterea
873 2165 948 2230 verb
970 2168 1063 2230 etiam
1085 2168 1149 2231 ima
1171 2189 1251 2254 aqua
1273 2169 1475 2254 respondebit

186 2277 257 2340 situi
273 2276 376 2340 Lunae
390 2275 424 2337 in
438 2274 609 2352 horizonte,
626 2274 651 2337 si
667 2297 705 2337 eo
720 2287 861 2357 tempore
878 2274 933 2338 Sol
947 2274 1153 2338 meridianum
1164 2289 1305 2361 occupet,
1322 2277 1396 2363 quia
1406 2291 1474 2342 tum

185 2386 230 2448 vis
249 2383 331 2448 Solia
345 2403 403 2467 per
417 2381 554 2445 notabile
569 2381 717 2464 temporis
732 2380 929 2444 intervallum
944 2402 1045 2466 neque
1059 2395 1191 2468 angetur
1206 2406 1264 2447 nec
1279 2385 1473 2464 diminuitur,

185 2493 306 2558 etiamsi
321 2504 388 2555 tum
403 2513 485 2576 aqua
498 2510 562 2553 non
577 2499 699 2552 tantum
714 2488 916 2572 deprimatur,
940 2487 1032 2573 quim
1048 2489 1130 2551 circa
1145 2489 1304 2553 novilunia
1318 2515 1355 2555 ac
1375 2493 1475 2577 pleni-

186 2600 281 2664 lunia.
328 2597 488 2661 Ponamus
510 2596 615 2682 igitur,
639 2592 702 2680 qud
724 2594 861 2679 reliquos
875 2615 964 2656 casus
979 2594 1166 2673 evolvamus,
1190 2594 1266 2658 dum
1281 2595 1375 2661 Luna
1388 2596 1475 2662 hori-

186 2723 309 2774 zontem
323 2721 465 2792 occupat,
491 2706 596 2770 Solem
617 2705 657 2768 ab
678 2704 840 2768 horizonte
862 2706 1032 2779 removeri3
1055 2703 1115 2766 hoc
1131 2726 1207 2792 ergo
1222 2727 1296 2768 casu
1310 2729 1391 2792 aqua
1407 2709 1475 2792 jam

186 2819 367 2895 elevabitur,
392 2839 434 2880 ex
458 2838 521 2901 quo
543 2836 670 2878 necesse
694 2826 741 2876 est
763 2813 858 2875 imam
881 2833 994 2897 aquam
1018 2824 1090 2876 ante
1112 2811 1281 2875 adventum
1308 2812 1410 2877 Lunoe
1434 2814 1476 2898 ad

186 2928 380 2991 horizontem
395 2926 542 3001 extitisse,
559 2920 669 2987 contra
683 2919 758 2985 verb
774 2920 891 2984 aidum
914 2919 1007 2984 Luna
1020 2920 1053 2982 in
1068 2919 1229 2983 horizonte
1244 2933 1394 2999 versatur,
1419 2923 1476 2988 Sol

185 3035 225 3099 ad
247 3034 442 3098 horizontem
464 3032 703 3117 appropinquet,
726 3050 806 3114 aqua
829 3023 947 3090 tardius
970 3026 1086 3090 scilicet
1106 3039 1178 3111 post
1192 3027 1358 3111 appulsum
1372 3029 1476 3094 Lunae

186 3145 226 3209 ad
248 3143 443 3207 horizontem
465 3143 633 3228 continget
680 3139 838 3202 Ponamus
853 3137 956 3223 itaque
972 3136 1097 3201 Lunam
1112 3148 1184 3201 ante
1198 3150 1302 3202 ortum
1318 3141 1376 3203 sub
1390 3140 1476 3204 hori-

186 3265 277 3318 zonte
301 3252 376 3317 Hh
397 3253 430 3315 in
453 3256 470 3312 l>
493 3250 596 3314 adhuc
618 3248 744 3325 versari,
770 3246 937 3333 Solemque
959 3247 992 3309 in
1015 3252 1045 3312 Θ
1071 3270 1138 3312 esse
1158 3250 1305 3333 positum,
1328 3251 1413 3316 unde
1434 3252 1476 3316 ad

186 3359 394 3425 meridianum
419 3358 446 3421 P
463 3358 488 3421 Z
506 3357 542 3420 H
563 3353 794 3442 progrediatur,
817 3353 940 3439 hocque
955 3355 1024 3438 ipso
1038 3368 1197 3418 momento
1212 3378 1325 3441 aquam
1340 3359 1476 3424 maxime
1588 3438 1591 3450 ¹

187 3492 254 3534 asse
275 3469 466 3553 depressam.
512 3466 649 3529 Necesse
672 3464 843 3551 igiturest,
866 3476 901 3526 ut
916 3463 1148 3528 decrementum
1163 3481 1416 3532 momentaneum
1430 3469 1476 3534 vis

187 3579 292 3644 Lunoe
309 3576 350 3640 ad
367 3597 453 3638 mare
473 3573 664 3638 movendum
686 3571 808 3658 aequale
822 3573 861 3635 sit
875 3571 1066 3636 incremento
1080 3587 1299 3640 momentaneo
1313 3577 1359 3640 vis
1383 3578 1475 3643 Solis.

187 3687 240 3751 Ad
254 3685 340 3749 banc
355 3683 562 3769 aequalitatem
577 3681 798 3745 declarandam
812 3681 851 3744 sit
865 3681 972 3768 anguli
989 3685 1007 3742 l
1027 3681 1099 3747 ΡΟ
1113 3683 1152 3746 ad
1168 3684 1277 3768 polum
1293 3687 1396 3765 sumti,
1413 3687 1477 3751 dis·

185 3798 317 3861 tantiam
334 3795 436 3859 Lnnae
451 3817 470 3856 a
485 3816 542 3857 suo
557 3805 628 3857 ortu
645 3791 677 3856 Ο
692 3791 866 3869 indicantis,
888 3791 974 3854 sinus
988 3822 1023 3849 =
1038 3791 1070 3855 V
1085 3805 1116 3856 et
1131 3794 1255 3858 cosinus
1269 3826 1304 3852 =
1319 3818 1348 3874 v,
1365 3797 1420 3883 qui
1434 3796 1476 3861 ob

186 3904 337 3994 angulum
360 3907 378 3963 h
403 3900 479 3965 ΡΟ
502 3899 593 3963 valde
613 3921 746 3983 parvum
768 3898 837 3963 tutd
858 3900 939 3963 sinui
961 3902 1018 3964 toti
1042 3911 1055 3964 1
1075 3902 1203 3987 oequalis
1219 3904 1342 3990 concipi
1363 3918 1476 3990 potest.

188 4013 321 4076 Invento
345 4032 422 4096 ergo
439 4008 555 4096 angulo
578 4006 641 4070 hoc
669 4011 687 4067 l>
711 4006 791 4071 ΡΟ
818 4030 872 4071 seu
896 4029 971 4071 arcu
994 4010 1161 4094 aequatoris
1187 4010 1231 4073 illi
1258 4010 1475 4096 respondente,

187 4147 286 4211 eoque
300 4124 334 4186 in
349 4137 473 4207 tempus
488 4142 649 4197 converso,
666 4120 821 4185 constabit
835 4132 952 4206 quanto
967 4123 1115 4207 temporis
1133 4123 1296 4187 intervallo
1318 4123 1380 4189 ima
1395 4150 1477 4213 aqua

188 4234 353 4319 appulsum
375 4232 477 4296 Lunae
498 4230 539 4293 ad
561 4229 755 4292 horizontem
780 4229 954 4312 praecedat:
983 4230 1067 4293 idem
1089 4228 1164 4295 verb
1188 4231 1324 4296 calculus
1348 4246 1412 4298 tam
1436 4235 1476 4299 ad
1556 4312 1561 4321 ι

191 4344 291 4409 Lunae
305 4366 450 4408 occasum
465 4339 559 4428 qudm
571 4339 612 4404 ad
623 4340 831 4403 accessionem
846 4340 927 4403 Solis
942 4340 982 4404 ad
996 4340 1190 4405 horizontem
1201 4340 1291 4406 facile
1301 4365 1477 4408 accommo-

190 4452 322 4517 dabitur.

230 4572 254 4648 t.
271 4574 324 4629 68.
349 4564 464 4627 Positis
479 4583 565 4625 nunc
581 4562 611 4624 A
627 4572 657 4618 ‘t'
675 4573 865 4646 aaequatore
881 4583 917 4623 ac
931 4570 964 4615 r:
978 4571 1008 4617 ‘t'
1023 4564 1053 4625 Sl
1071 4561 1222 4645 ecliptica,
1244 4560 1284 4625 sit
1298 4561 1478 4627 elevationis

192 4673 251 4755 poli
280 4672 344 4737 Ph
367 4672 452 4735 sinus
474 4701 508 4726 =
533 4668 569 4746 P,
594 4669 717 4732 cosinus
738 4698 773 4724 =
801 4689 842 4752 p3
873 4667 958 4730 sinus
980 4665 1195 4731 declinationis
1219 4668 1321 4733 Lunae
1343 4669 1477 4734 borealis

203 4826 218 4882 1>
237 4825 266 4889 L
282 4854 316 4877 =
334 4822 374 4898 R,
392 4822 515 4886 cosinus
533 4852 566 4874 =
582 4843 616 4896 r;
641 4842 680 4881 ex
696 4819 807 4905 quibus
822 4816 876 4881 fiet
890 4816 997 4904 anguli
1018 4818 1045 4882 Α
1060 4815 1130 4881 ΡΟ
1145 4817 1268 4884 casinus
1282 4847 1316 4875 =
1330 4777 1476 4892 :El-l,

1374 4902 1423 4963 pl‘
