3300 5678
182 589 242 647 200
479 576 820 644 PHILOSOPHIAE
843 576 1127 642 NATURALIS
1165 574 1249 654 [Dc
1264 572 1482 640 Munnsw.

223 755 288 818 Hic
309 754 414 816 omnis
434 754 515 839 regit
536 774 600 815 non
623 765 658 815 ut
679 751 783 814 anima
797 750 916 828 mundi,
939 750 994 813 sod
1016 764 1056 814 ut
1079 751 1329 814 universorum
1344 750 1480 815 domium

183 863 225 926 Et
248 878 377 947 propter
403 863 575 926 dominium
599 883 699 938 suum,
727 861 872 925 dominus
897 860 974 923 deus
999 861 1049 945 (¹)
1081 865 1293 943 Παντοκράτωρ
1324 859 1387 922 dici
1408 861 1478 924 solet

179 968 263 1033 Nam
285 969 361 1033 deus
383 983 431 1033 est
451 991 513 1032 vox
528 968 656 1031 relativa
669 980 700 1030 et
716 967 756 1031 ad
771 989 876 1030 servos
891 965 1042 1029 refertur:
1068 980 1102 1030 et
1126 966 1243 1030 deitas
1261 982 1314 1030 est
1329 967 1478 1031 dominatio

178 1078 240 1154 dei,
256 1099 320 1145 non
335 1078 367 1139 in
382 1097 495 1160 corpus
511 1075 684 1161 proprium,
708 1074 753 1137 uti
776 1074 913 1137 sentiunt
926 1073 1040 1158 quibus
1057 1072 1146 1136 deus
1164 1086 1219 1136 est
1245 1075 1359 1137 anima
1379 1075 1474 1150 mundi,

178 1182 234 1246 sed
256 1183 289 1245 in
311 1205 425 1247 servos.
470 1183 559 1247 Deus
581 1203 719 1246 summus
734 1194 781 1245 est
795 1203 850 1244 ens
864 1193 1025 1257 aeternum,
1048 1180 1241 1259 infinitum,
1267 1182 1411 1246 absoluti
1420 1206 1475 1267 per-

177 1290 310 1355 fectum:
333 1291 388 1355 sed
406 1314 460 1354 ens
475 1303 633 1374 utcunque
654 1288 826 1373 perfectum
840 1287 907 1352 sine
921 1287 1062 1351 dominio
1077 1309 1152 1350 non
1170 1301 1227 1352 est
1242 1289 1396 1353 dominus
1409 1291 1472 1354 dens

180 1400 325 1464 Dicimus
336 1400 420 1463 euim
431 1399 509 1463 deus
518 1420 617 1474 meus,
633 1396 709 1461 deus
721 1409 831 1473 vester,
843 1395 920 1459 deus
929 1394 1068 1472 Israelis,
1081 1395 1173 1461 deus
1189 1396 1350 1475 deorum,
1358 1398 1473 1462 etdoni

177 1530 237 1571 nus
251 1508 469 1573 dominorum:
491 1508 546 1572 sed
561 1529 624 1572 non
638 1507 771 1571 dicimus
786 1518 921 1570 aeteruus
934 1527 1033 1582 meus,
1049 1519 1207 1571 aeternus
1225 1522 1347 1584 vester,
1362 1524 1476 1572 aarum

181 1617 317 1697 Isra‘e'lis,
341 1633 476 1683 aeteruus
501 1617 651 1692 deorum3
688 1638 753 1679 non
776 1615 907 1679 dicimus
930 1613 1072 1678 infinitus
1102 1637 1221 1693 meus,
1256 1615 1312 1680 vel
1341 1616 1474 1702 perlectus

175 1749 273 1791 meus.
319 1728 385 1793 Hae
406 1728 629 1813 appellationes
650 1726 830 1792 relationem
851 1748 916 1789 non
937 1725 1056 1789 babent
1077 1725 1123 1789 sd
1142 1749 1277 1791 servos.
1327 1727 1398 1790 Vox
1414 1726 1473 1790 detis

176 1838 293 1920 passim
303 1837 347 1921 (†)
358 1837 513 1924 significat
527 1837 708 1902 dominum:
723 1822 788 1899 sed
802 1836 903 1899 omnis
917 1834 1063 1898 dominus
1079 1857 1154 1898 non
1171 1847 1226 1899 ost
1240 1835 1338 1900 deus.
1380 1836 1472 1900 Doni

176 1944 262 2007 natio
277 1944 356 2007 entis
370 1944 537 2028 spiritualis
552 1944 646 2008 deum
662 1943 831 2019 constituit,
847 1963 921 2005 vern
934 1963 1053 2017 verum,
1071 1962 1211 2004 summa
1228 1965 1402 2019 summum,
1416 1943 1472 2006 fieti

175 2049 294 2114 fictum.
326 2050 369 2113 Et
383 2072 423 2112 ex
432 2049 644 2113 dominatione
657 2048 729 2112 versi
744 2049 884 2132 sequitur
899 2048 992 2111 deum
1005 2069 1121 2110 verum
1138 2069 1218 2112 esse
1234 2049 1360 2126 vivum,
1380 2049 1470 2112 intelli·

176 2171 301 2244 gentem
316 2168 347 2219 et
362 2167 538 2239 potentem3
560 2178 601 2219 ex
615 2155 741 2239 reliquis
755 2153 996 2238 perfectionibus
1009 2175 1183 2216 summum
1199 2176 1289 2231 esse,
1307 2155 1358 2219 vel
1372 2154 1468 2218 sumni

175 2261 355 2347 perfectum.
399 2261 552 2325 AEtemus
574 2274 621 2326 est
643 2274 674 2324 et
693 2260 843 2337 infinitus,
867 2260 1063 2343 omnipotens
1085 2271 1120 2323 et
1143 2263 1363 2343 omnisciens,
1384 2263 1466 2333 idest,

176 2371 269 2436 durat
292 2371 332 2435 ab
353 2386 472 2436 oeterno
493 2371 526 2433 in
548 2384 710 2448 aeternum‚
734 2383 765 2434 et
786 2371 874 2434 adest
895 2371 935 2434 nb
956 2368 1080 2433 infinito
1101 2371 1141 2433 in
1167 2372 1364 2437 infinitum:
1385 2372 1468 2436 omnis

176 2478 268 2564 regit,
285 2489 316 2541 et
330 2477 434 2541 omnia
448 2477 617 2564 cognoscit,
633 2499 705 2562 quae
719 2476 799 2540 fiunt
812 2490 867 2540 aut
881 2475 948 2539 fieri
968 2489 1108 2561 possunt.
1144 2478 1248 2549 ,Non
1265 2494 1319 2543 est
1332 2480 1465 2544 aetemitss

176 2599 208 2650 et
221 2585 368 2664 infinitas,
385 2586 440 2650 sed
454 2600 588 2650 aeteruus
603 2599 634 2650 et
648 2585 806 2662 infinitus3
822 2608 886 2649 non
900 2599 948 2651 est
962 2585 1085 2650 duratio
1099 2600 1135 2652 et
1151 2590 1316 2672 spatium,
1329 2591 1384 2655 sed
1393 2590 1464 2652 dunt

176 2709 208 2762 et
222 2696 318 2760 adest.
362 2696 467 2760 Durat
481 2718 616 2780 semper,¹
629 2708 661 2761 et
674 2695 762 2759 adest
776 2696 901 2782 ubique,
916 2708 948 2759 et
962 2695 1126 2759 existendo
1144 2719 1285 2782 semper
1306 2714 1340 2763 et
1359 2699 1463 2783 ubique.

176 2803 372 2868 durationem
393 2816 425 2868 et
447 2805 579 2889 spatium
604 2805 771 2869 constituit
819 2803 901 2868 cum
922 2826 1117 2891 unaquaeque
1142 2809 1245 2890 spatii
1270 2808 1464 2892 particulasit

175 2934 298 2993 semper,
324 2924 355 2975 et
377 2912 619 2997 unumquodque
634 2911 806 2973 durationis
829 2911 1013 2973 indivisibile
1028 2926 1235 2976 momentum
1253 2918 1373 2999 rhipue,
1395 2914 1462 2977 certi

176 3040 280 3083 rerum
297 3019 433 3080 omnium
449 3018 615 3080 fabricator
630 3041 665 3080 ac
682 3017 826 3081 dominus
841 3039 905 3080 non
920 3019 978 3080 erit
989 3040 1153 3100 autequam,
1167 3043 1336 3105 nusquam.
1367 3022 1462 3087 Omnis

176 3132 280 3192 anima
305 3128 439 3190 sentiens
463 3127 593 3189 (liversis
615 3125 815 3209 temporibus,
839 3139 871 3188 et
892 3127 924 3187 in
946 3126 1073 3188 diversis
1093 3149 1267 3206 sensuum,
1293 3147 1324 3193 et
1339 3146 1461 3193 motuum

175 3236 300 3323 organis
326 3233 435 3297 eadem
462 3246 508 3296 est
529 3255 662 3317 persona
686 3232 889 3294 indivisibilis.
947 3232 1053 3294 Partes
1080 3230 1203 3296 duntur
1229 3238 1413 3299 successim:
1435 3237 1460 3295 in

176 3344 349 3419 duratione,
362 3342 579 3406 coexistentes
596 3343 629 3403 in
641 3341 750 3425 spatio,
762 3355 881 3402 neutrae
896 3340 928 3401 in
942 3361 1075 3424 persona
1089 3339 1235 3405 hominis
1249 3366 1308 3406 seu
1324 3342 1460 3428 principio

176 3456 241 3538 ejus
271 3454 443 3542 cogitante3
477 3465 507 3514 et
536 3451 634 3513 multi)
663 3448 765 3512 mimis
794 3450 828 3511 in
853 3447 1022 3512 substantii
1047 3450 1210 3533 cogitante
1241 3452 1308 3515 dei.
1361 3452 1459 3514 Omnis

176 3563 281 3640 homo,
307 3575 458 3647 quatenus
473 3584 522 3624 res
538 3561 682 3636 sentiens,
706 3574 753 3622 est
768 3582 848 3622 unus
864 3572 895 3622 et
914 3559 996 3622 idem
1011 3557 1107 3620 homo
1122 3559 1270 3626 durante
1286 3565 1348 3626 vitri
1363 3563 1413 3626 sui
1433 3561 1457 3619 in

176 3673 320 3736 omnibus
335 3685 366 3735 et
381 3671 510 3758 singulis
525 3692 671 3734 sensuum
686 3671 821 3756 organis.
872 3669 955 3732 Deus
970 3680 1018 3730 est
1033 3689 1113 3730 unus
1135 3683 1170 3731 et
1193 3671 1283 3735 idem
1300 3673 1376 3735 deus
1390 3693 1457 3732 senr-

174 3805 232 3867 per
247 3797 278 3845 et
293 3784 417 3868 ubique.
464 3782 697 3863 Omnipraesens
713 3792 838 3842 estnon
860 3800 916 3861 per
931 3781 1067 3841 uirtutem
1084 3777 1197 3853 solam,
1224 3781 1285 3842 sed
1302 3783 1390 3844 etiam
1411 3800 1457 3862 per

175 3891 390 3953 substantiam:
413 3911 484 3951 nam
509 3888 604 3950 virtus
627 3887 692 3949 sine
714 3885 883 3947 substantiis
907 3884 1073 3946 subsistere
1088 3904 1153 3944 non
1179 3902 1300 3968 potest.
1347 3889 1381 3950 ln
1400 3889 1457 3969 ipso

178 3999 222 4081 (ἶ)
248 3999 445 4062 continentur
467 4012 498 4062 et
519 4010 683 4059 moventur
705 3996 858 4069 universa,
883 3994 937 4056 sed
956 3993 1021 4055 sine
1036 3991 1145 4053 mutus
1170 3995 1335 4076 passione.
1379 3995 1457 4057 Deus

209 4193 247 4257 (t')
262 4193 471 4251 idestimperator
481 4188 622 4236 universalis
837 4186 993 4245 Anaxagoras,
1012 4180 1133 4242 Virgilius,
1157 4182 1274 4244 Georgic.
1300 4183 1351 4230 Iso.
1376 4180 1418 4228 Π.
1436 4195 1454 4221 v.

209 4261 247 4320 (†)
261 4258 377 4305 Pocokius
393 4266 470 4302 noster
481 4269 560 4300 vocem
571 4255 606 4298 dei
617 4250 711 4298 deducit
722 4265 736 4298 s
746 4265 802 4296 voca
834 4255 887 4294 2⁴20.
902 4258 925 4293 et
937 4245 1032 4294 AEneid.
1047 4246 1099 4291 Lib.
1113 4246 1160 4290 Vi.
1172 4262 1194 4292 v.
1206 4252 1266 4294 Μ.
1280 4248 1349 4293 Philo
1363 4245 1455 4304 Auoegoe.

179 4321 279 4368 Arabicis
289 4326 329 4378 du,
354 4332 377 4367 et
388 4321 474 4365 incasu
483 4314 801 4379 aliquodi.)quaedominum
835 4313 887 4359 Lib.
910 4312 929 4357 l.
950 4313 993 4356 sub
1011 4309 1084 4354 initio.
1123 4313 1215 4356 Aratus
1233 4312 1261 4356 in
1286 4313 1401 4358 Pbaerm
1420 4312 1456 4377 snb

174 4386 296 4446 significat.
342 4325 377 4431 bt
399 4386 443 4429 boc
464 4398 533 4428 sensu
555 4381 670 4440 principes
689 4391 800 4424 vocantur
832 4377 905 4422 initio.
942 4375 979 4421 lta
994 4374 1063 4419 etiarn
1080 4374 1206 4432 scriptores
1217 4377 1289 4429 sacri,
1306 4389 1332 4421 nt
1346 4374 1455 4421 Psulusu

176 4449 288 4503 ditPssl.
304 4446 637 4495 u111v.s.etJoan.x.45.
675 4443 708 4490 Et
722 4444 800 4488 Moses
834 4448 887 4486 Act.
902 4455 959 4486 rvu-
973 4443 1010 4484 27.
1025 4443 1062 4483 28.
1101 4438 1267 4485 lobannssin
1282 4441 1371 4500 Ιίνιιις.
1386 4443 1456 4483 ηιμ).

174 4513 259 4560 dicitur
269 4517 325 4559 deut
335 4513 411 4559 fratris
425 4514 511 4566 Aaron,
523 4520 546 4555 et
556 4513 611 4556 dens
622 4507 683 4568 regis
693 4507 799 4553 Pharsoh
835 4506 914 4551 Moses
931 4504 956 4548 iu
977 4503 1048 4548 Dent.
1063 4517 1093 4546 iv.
1108 4506 1148 4548 39.
1164 4514 1189 4548 et
1207 4518 1230 4548 x.
1247 4512 1273 4550 ⁴·
1311 4503 1386 4551 David
1405 4502 1454 4548 Put

175 4575 265 4641 (Erod
277 4592 306 4621 iv.
325 4583 359 4623 16.
373 4586 396 4622 et
407 4590 447 4622 vrr.
461 4577 498 4632 1.).
532 4573 565 4619 Et
576 4572 657 4618 eodem
669 4586 736 4617 sensu
748 4571 797 4616 ani·
830 4583 922 4615 curu.
941 4574 962 4614 7.
977 4575 999 4612 8.
1015 4574 1036 4614 9.
1060 4567 1198 4613 Solomonl
1219 4569 1283 4631 Reg.
1298 4565 1453 4615 nantaldi

174 4657 220 4687 mar
230 4640 511 4700 principummortuorum
521 4635 722 4697 olimsgentibus
731 4650 795 4679 voca·
831 4648 887 4679 nu.
917 4637 950 4677 19.
978 4637 1014 4677 13.
1041 4635 1076 4675 14.
1125 4629 1249 4678 ieremias
1273 4648 1341 4679 rrru.
1366 4638 1402 4677 ιδ.
1424 4635 1453 4673 2²4

174 4709 259 4751 buntur
269 4704 309 4757 dii,
327 4704 366 4747 sed
378 4704 436 4749 salso
452 4715 544 4762 propter
559 4701 676 4747 defectum
691 4698 796 4744 dominii.
835 4697 965 4757 Fingebam
981 4705 1057 4739 autem
1076 4694 1209 4740 idololatrae
1223 4697 1316 4751 Solem,
1336 4698 1428 4743 Lunum
1438 4705 1457 4735 et

177 4770 255 4831 (Nota
268 4767 385 4821 Amoris.)
834 4772 901 4813 astra,
921 4759 1009 4804 animas
1027 4759 1153 4802 hominum
1172 4771 1197 4804 et
1217 4760 1278 4807 nlius
1297 4763 1378 4806 niundi
1396 4770 1458 4818 puna

208 4833 291 4895 (olto
301 4830 428 4878 sentiebant
441 4840 533 4884 veteres,
551 4840 578 4875 ut
587 4828 730 4888 Pythagoras
740 4824 802 4884 apud
834 4840 883 4868 esse
901 4833 976 4882 partes
996 4823 1041 4868 Dei
1061 4822 1157 4877 summi,
1178 4836 1203 4870 et
1221 4825 1278 4872 ida)
1299 4827 1411 4877 mit-mm
1427 4819 1460 4866 nd

178 4896 322 4950 Ciceronem,
334 4896 364 4941 de
376 4893 467 4940 Natuni
481 4894 593 4947 Deorum,
608 4893 660 4938 Lib.
675 4891 696 4936 Ι.
709 4891 800 4945 Thales,
834 4886 898 4935 saled.
935 4887 1011 4949 (Noto
1025 4886 1157 4946 Auctoris.)
