3330 5692
323 491 386 547 alr
624 480 689 546 DE
712 481 865 547 CAUSA
887 481 1091 546 PHYSICA
1115 479 1305 545 FLUXUS

365 660 586 746 sagacissimus
602 658 758 744 Keplerus
772 681 859 722 mare
875 656 984 722 versis
1000 657 1124 722 Lunam
1138 657 1302 745 gravitate,
1323 667 1498 742 aestumque
1511 653 1604 718 maris

319 769 392 832 hinc
414 769 488 832 cieri
510 769 585 833 olim
606 770 736 833 monuit
782 767 965 845 Newtonus,
991 765 1156 853 postquim
1179 766 1264 855 leges
1290 764 1451 853 gravitatis
1471 763 1604 827 detexis-

319 892 375 956 set,
398 879 516 943 invenit
537 879 747 964 aequilibrium
773 877 868 941 maris
888 898 953 941 non
975 889 1039 940 tam
1060 875 1180 939 turbari
1202 868 1312 960 ipsius,
1324 872 1478 961 gravitate
1499 868 1601 935 versis

319 989 453 1065 Lunam,
477 987 571 1074 quim
593 1010 633 1051 ex
656 987 865 1073 inaequalitate
887 986 933 1048 vis
956 984 1016 1071 qui
1037 982 1200 1068 particula
1219 983 1313 1046 maris
1328 981 1464 1045 tendunt
1477 979 1520 1044 ad
1540 979 1601 1044 Lu·

319 1118 391 1160 narn
412 1107 444 1159 et
467 1094 574 1160 Solem
595 1116 654 1178 pro
677 1093 806 1157 diversis
828 1092 891 1156 suis
914 1090 1066 1155 distantiis
1087 1089 1128 1154 ab
1145 1088 1258 1152 horum
1278 1087 1402 1164 centris,
1424 1086 1599 1172 primusque

319 1214 440 1266 motum
465 1201 561 1265 maris
586 1201 627 1264 ad
652 1213 751 1265 certas
777 1199 872 1286 leges,
899 1210 930 1262 et
955 1197 996 1261 ad
1022 1195 1175 1261 calculum
1200 1217 1346 1259 revocare
1373 1194 1490 1258 docuit.
1546 1190 1599 1256 Fa·

322 1313 451 1379 tendum
465 1311 592 1398 quidem
607 1324 654 1375 est
674 1311 834 1398 gravitatis
849 1332 975 1375 causam
995 1310 1134 1398 ignotam
1150 1331 1217 1373 esse
1231 1307 1280 1371 vel
1294 1306 1404 1373 saltem
1418 1307 1582 1372 obscuram
1590 1329 1598 1382 ;

320 1447 454 1508 corpora
474 1435 579 1486 tamen
601 1443 665 1486 non
687 1434 760 1485 sunt
781 1420 853 1485 ideo
872 1419 976 1485 mimis
997 1421 1113 1509 gravia.
1160 1421 1231 1487 Sint
1245 1420 1299 1507 qui
1311 1431 1453 1485 asserant
1474 1441 1599 1505 corpora

321 1534 409 1597 nullo
431 1532 568 1616 impulsu
589 1545 645 1596 aut
665 1532 695 1594 vi
717 1531 856 1609 externi,
881 1531 936 1595 sed
950 1531 981 1594 vi
996 1530 1133 1616 quddam
1147 1529 1253 1595 innati
1268 1551 1302 1594 se
1315 1527 1426 1594 mutuo
1442 1543 1598 1617 appetem

317 1638 426 1704 verdm
449 1661 513 1703 non
534 1661 660 1725 aequum
683 1651 730 1702 est
750 1638 864 1703 horum
884 1637 1005 1702 somnia
1019 1637 1140 1701 veritati
1155 1635 1285 1701 efficere.
1332 1635 1396 1699 Alii
1411 1637 1517 1700 statim
1531 1657 1598 1700 oon·

316 1745 437 1833 fugiant
453 1744 498 1808 ad
516 1745 730 1809 immediatum
752 1744 897 1829 Supremi
921 1744 1067 1809 Auctoris
1098 1743 1272 1828 imperium,
1293 1757 1342 1807 ast
1364 1765 1468 1832 neque
1492 1743 1598 1808 horum

317 1858 415 1921 nimia
435 1856 591 1921 festinatio
612 1856 775 1942 probanda
795 1871 859 1933 est;
892 1878 993 1941 neque
1015 1855 1140 1918 illorum
1161 1853 1318 1919 fastidium
1341 1854 1394 1940 qui
1415 1865 1464 1919 tot
1485 1870 1598 1919 nanim

318 1969 504 2032 temunoniis
530 1990 595 2031 non
621 1967 787 2033 attendunt
811 1968 957 2052 quoniam
983 1989 1076 2032 causa
1099 1966 1260 2055 gravitatis
1286 1978 1333 2031 est
1358 1967 1504 2032 obscura.
1548 1967 1598 2031 Vra

315 2079 477 2164 gravitatis
500 2091 547 2142 est
567 2078 658 2142 nobis
680 2077 760 2142 aded
782 2077 951 2156 familiaris,
974 2080 1101 2164 ejusque
1116 2101 1262 2143 mensura
1276 2076 1355 2142 aded
1370 2099 1431 2163 pm
1445 2091 1599 2164 comperto

318 2185 460 2262 habetur,
484 2197 519 2248 ut
533 2184 592 2248 hic
613 2184 654 2248 ad
675 2184 750 2249 alias
765 2185 846 2249 vires
861 2184 1058 2248 estimandus
1073 2184 1137 2249 fere
1159 2207 1282 2269 semper
1296 2197 1441 2262 utamur3
1464 2185 1598 2273 qudmin

322 2291 428 2369 calis,
444 2313 509 2355 non
531 2289 634 2355 mimis
650 2291 742 2377 quim
764 2293 797 2357 in
820 2293 929 2358 Terris
948 2293 1112 2372 dominari,
1133 2305 1165 2357 et
1183 2291 1355 2358 secundilm
1371 2306 1489 2358 certam
1503 2293 1599 2383 legun

320 2399 428 2485 augeri
441 2410 474 2461 et
487 2399 587 2463 minui
602 2399 826 2465 demonstravit
840 2400 887 2463 vir
902 2400 1034 2493 eximius
1049 2413 1136 2465 tanta
1150 2422 1222 2464 cum
1237 2399 1392 2464 evidentia
1404 2413 1441 2465 ut
1455 2402 1599 2489 majorem

317 2506 431 2572 frustra
446 2506 603 2572 desideres
617 2509 650 2571 in
664 2509 763 2573 ardua
777 2523 808 2572 et
823 2507 940 2572 difficili
955 2507 1014 2572 htc
1028 2508 1235 2595 philosophie
1249 2520 1348 2594 purte,
1361 2529 1432 2594 quae
1444 2507 1485 2573 de
1498 2530 1598 2574 rerum

315 2616 417 2680 causis
431 2614 504 2702 agit.

359 2726 530 2790 Newtonus
556 2738 741 2812 argumento
765 2727 916 2814 singulari
941 2726 1088 2804 ostendit,
1115 2727 1239 2792 Lunam
1266 2727 1371 2814 urgeri
1396 2724 1505 2791 versis
1530 2748 1598 2791 ceu·

318 2851 402 2900 trum
428 2836 538 2899 Terrae
564 2837 595 2898 vi
621 2858 692 2922 quae
718 2835 837 2920 (habiti
860 2837 980 2900 ratione
1005 2836 1235 2916 distantiarum)
1263 2858 1334 2898 cum
1358 2835 1514 2920 gravitate
1536 2857 1599 2899 cor·

317 2967 431 3029 porum
452 2944 645 3008 terrestrium
665 2944 758 3028 plane
778 2945 938 3031 congruit;
962 2943 1045 3029 quali
1066 2943 1199 3008 Terram
1218 2940 1325 3007 versiis
1340 2941 1467 3006 Lunam
1488 2941 1599 3027 pfflter

317 3051 422 3136 urgeri
437 3073 529 3136 oequo
539 3052 611 3135 jure
625 3052 814 3114 censendum
829 3064 885 3115 est.
935 3050 1018 3116 cum
1033 3073 1146 3137 corpus
1162 3050 1289 3136 aliquod
1306 3048 1413 3114 versiis
1428 3050 1515 3115 aliud
1537 3051 1598 3136 pel·

316 3153 397 3233 litur,
425 3156 498 3222 iude
525 3156 650 3243 quidem
673 3157 758 3221 haud
783 3159 921 3244 sequitur
946 3159 1006 3222 hoc
1030 3157 1136 3223 versris
1159 3159 1237 3223 illud
1258 3159 1351 3223 simul
1377 3160 1493 3246 urgeri.
1542 3160 1599 3223 Vc·

314 3258 385 3325 nim
409 3263 486 3350 quid
508 3263 548 3327 de
569 3264 720 3349 gravitate
742 3286 909 3348 corporum
924 3266 1096 3330 coelestium
1119 3266 1315 3330 sentiendum
1337 3266 1386 3342 sit,
1405 3289 1452 3328 -ex
1474 3267 1513 3330 iis
1533 3287 1598 3352 quae

314 3384 473 3453 comperta
495 3384 568 3434 sunt
582 3371 622 3433 de
644 3373 795 3457 gravitate
810 3394 977 3455 corporum
993 3374 1186 3438 terrestrium
1202 3373 1347 3459 (aliisque
1361 3373 1481 3436 viribus
1496 3373 1599 3436 simili·

314 3480 387 3559 bus)
403 3479 520 3564 optime
536 3478 748 3564 dignoscitur3
771 3477 843 3542 crim
858 3481 1010 3563 perhanc
1030 3480 1070 3544 ad
1093 3481 1177 3544 illam
1192 3479 1422 3567 agnoscendam
1438 3479 1598 3556 ducamur,

315 3589 439 3674 sintque
465 3588 672 3673 phaenomena
697 3591 824 3653 omnini)
851 3591 970 3654 similia
1022 3590 1119 3654 Mons
1142 3591 1275 3678 gravitat
1300 3591 1333 3653 in
1355 3590 1502 3667 Terram,
1527 3589 1600 3655 etsi

316 3702 419 3766 Terra
439 3723 502 3764 non
525 3714 650 3787 urgeret
671 3715 808 3765 montem
825 3703 855 3765 vi
877 3702 989 3787 aequali
1004 3716 1036 3765 et
1050 3702 1215 3779 contrarii,
1240 3702 1341 3765 Terra
1357 3724 1376 3764 a
1390 3715 1499 3765 monte
1514 3701 1600 3785 pulsa

313 3822 457 3896 pergeret
478 3829 549 3871 cum
572 3821 658 3872 motu
680 3808 851 3872 accelerato
873 3811 904 3872 in
927 3811 1093 3874 inlinitum.
1145 3809 1248 3874 Porri)
1271 3823 1368 3873 status
1384 3810 1522 3893 cujusvis
1538 3833 1600 3897 sys-

312 3921 435 3982 tematis
457 3940 625 4003 corporum
647 3919 681 4001 (i.
697 3941 724 3982 e.
751 3933 854 3983 motus
880 3920 978 3983 centri
998 3921 1172 4007 gravitatis)
1199 3916 1374 3983 necessario
1399 3919 1547 3983 turbatur
1564 3918 1600 3983 ab

312 4028 397 4088 omni
420 4029 541 4092 actione
562 4029 612 4090 cui
634 4050 698 4091 non
721 4028 850 4112 aequalis
873 4041 905 4093 et
927 4031 1082 4094 contraria
1097 4042 1145 4092 est
1159 4029 1261 4114 aliqua
1276 4028 1402 4104 reactio,
1426 4028 1471 4091 ita
1493 4042 1531 4093 ut
1551 4029 1600 4092 vix

312 4134 481 4220 quidquam
495 4159 634 4219 perenne
649 4150 703 4200 aut
717 4150 862 4202 constans
878 4138 938 4202 dici
953 4140 1051 4223 possit
1067 4141 1097 4204 in
1114 4153 1280 4225 systemate
1296 4140 1321 4201 si
1336 4138 1406 4201 haec
1427 4137 1481 4202 lex
1498 4138 1598 4203 locum

312 4265 376 4306 non
398 4243 519 4308 habeat.
565 4242 707 4331 Crimque
729 4247 840 4310 Terrae
860 4262 965 4332 partes
988 4250 1030 4312 ita
1052 4272 1175 4333 semper
1196 4251 1227 4313 in
1251 4273 1283 4312 se
1304 4247 1413 4312 mutui)
1437 4262 1545 4337 agant,
1568 4262 1600 4312 ut

312 4362 414 4413 motus
429 4353 527 4415 centri
548 4351 706 4439 gravitatis
721 4353 831 4417 Terrae
846 4354 1024 4420 nulldtenus
1040 4357 1182 4421 turbetur
1197 4381 1216 4419 a
1230 4357 1345 4421 mutuis
1362 4379 1533 4440 corporum
1547 4369 1600 4421 aut

313 4459 471 4543 agentium
493 4482 751 4547 quorumcunque
773 4465 980 4542 conflictibus,
1008 4467 1072 4529 sive
1095 4468 1176 4529 intra
1202 4469 1265 4530 sive
1288 4479 1375 4530 extra
1403 4467 1601 4553 superficiem

313 4567 462 4642 sitorum3
485 4570 656 4656 eademque
671 4572 722 4635 lex
738 4573 875 4637 obtineat
890 4576 921 4637 in
938 4576 1053 4639 viribus
1075 4576 1266 4661 magneticis,
1291 4576 1441 4639 electricia
1461 4575 1600 4662 aliisque,

313 4691 393 4740 teste
416 4680 620 4761 experientiis,
639 4683 711 4764 jure
734 4684 890 4747 concludit
911 4684 1081 4747 Newtonus
1106 4685 1229 4748 Lunam
1245 4707 1308 4747 non
1325 4683 1444 4748 tantiam
1466 4686 1498 4747 in
1524 4685 1602 4748 Ter-

317 4807 394 4862 ram,
418 4784 473 4849 sed
496 4785 574 4848 lianc
591 4812 714 4873 quoque
736 4793 767 4854 in
795 4795 878 4857 illam
903 4794 1066 4879 gravitate,
1091 4806 1120 4856 et
1140 4807 1301 4877 utramque
1328 4795 1409 4858 circa
1435 4816 1602 4858 commuue
