3300 5678
435 966 503 1036 ΡΡ.
527 970 588 1037 LE
614 972 735 1041 SEUR
759 976 822 1041 ET
842 976 1077 1056 JACQUIER

546 1290 960 1373 DECLARATIO.

113 1705 323 1788 Nrwrouus
351 1725 384 1787 in
413 1723 474 1787 hoc
502 1722 594 1786 tertio
623 1720 722 1785 Libro
745 1719 882 1785 Telluris
907 1735 1001 1787 motae
1027 1722 1225 1810 hypothesim
1255 1730 1393 1795 assumit,

115 1852 247 1915 Autoris
272 1851 503 1936 Propositiones
525 1851 614 1914 aliter
635 1850 783 1934 explicari
805 1872 869 1914 non
889 1865 1042 1936 poterant,
1064 1855 1124 1919 nisi
1145 1856 1252 1921 eidem
1270 1859 1393 1945 quoqud

115 1975 194 2040 lacti
223 1975 398 2062 hypothesi.
452 1978 540 2042 Hinc
568 1979 700 2042 alienam
725 1980 823 2043 coacti
844 2001 951 2044 sumus
971 2002 1080 2068 gerere
1100 2005 1275 2068 personam.
1322 1987 1393 2051 Cte-

118 2122 220 2171 terum
241 2107 311 2172 latis
332 2095 498 2172 a‘summis
522 2106 726 2174 Pontificibus
748 2109 855 2175 contri
871 2111 1008 2176 Telluris
1029 2126 1148 2177 motum
1169 2114 1314 2181 Decretis
1334 2138 1392 2180 nos

113 2233 243 2325 obsequi
256 2235 451 2323 profitemur.

429 2677 712 2758 EDITORIS
748 2679 1059 2760 MONITUM.

112 2993 377 3095 immersurus
401 3030 552 3117 quosdam
577 3029 714 3116 maligne
740 3028 936 3113 interpretari
966 3024 1087 3088 notulas
1117 3047 1192 3109 quas
1222 3025 1389 3110 adjecimus

112 3132 352 3198 Commentariis
375 3136 403 3200 P
419 3137 456 3200 P.
472 3137 521 3200 Le
544 3138 624 3202 Senr
637 3151 669 3200 et
683 3136 840 3221 Jacquier,
864 3134 952 3221 quasi
967 3133 1080 3216 saepius
1096 3131 1240 3196 Newtoni
1254 3146 1390 3197 mentem

111 3263 173 3304 uon
194 3243 386 3330 attigissent3
408 3266 448 3307 ne
467 3257 571 3307 autem
585 3245 660 3329 ipsis
676 3245 751 3308 vitio
765 3254 904 3307 vertatur
919 3239 1004 3327 quod
1019 3251 1237 3304 concesserunt
1250 3240 1291 3303 ob
1307 3242 1389 3324 ipso-

111 3372 178 3412 rum
201 3349 374 3415 absentiam
397 3352 438 3416 ab
463 3352 540 3416 urbe
563 3354 596 3415 in
619 3353 680 3438 quir
704 3352 785 3416 liber
811 3351 970 3428 edebatur,
996 3363 1031 3414 ut
1051 3372 1163 3436 nempe
1185 3372 1389 3437 quaecumque

107 3455 288 3520 riderentur
310 3457 504 3544 corrigenda,
528 3459 568 3522 ab
584 3458 715 3524 Editore
729 3459 798 3542 ipso
812 3470 1016 3533 mutarentur,
1033 3457 1097 3520 sive
1111 3457 1191 3521 levia
1206 3458 1269 3520 sive
1283 3456 1390 3542 gravia

109 3561 219 3638 forent,
235 3561 426 3626 monendum
440 3577 528 3649 puto,
551 3586 602 3627 me
618 3566 775 3629 Autorum
788 3564 988 3651 deligentium
1003 3576 1035 3627 et
1048 3565 1223 3628 doctrinam
1237 3586 1390 3649 nusquam

109 3670 311 3748 desiderasse,
335 3674 541 3737 correctiones
563 3696 639 3759 quas
654 3673 713 3737 leci
728 3673 874 3737 levissimi
888 3697 955 3737 esse
975 3675 1134 3751 momenti,
1159 3697 1217 3736 nec
1232 3695 1299 3736 esse
1313 3673 1388 3736 tales

106 3795 145 3844 ut
163 3790 292 3862 propter
312 3778 394 3862 ipsas
409 3780 580 3867 quidquam
594 3803 635 3844 ex
649 3780 753 3844 debiti
770 3782 942 3845 Autaribus
956 3781 1055 3869 gloriis
1071 3781 1197 3845 tollatur
1213 3781 1296 3866 quod
1311 3803 1390 3844 meae

109 3887 220 3972 opellrn
244 3887 409 3965 tribuatur,
437 3901 468 3953 et
493 3890 640 3953 asterisco
664 3902 787 3953 notatas
810 3887 914 3967 fuisse,
940 3912 1004 3953 non
1034 3889 1120 3975 quod
1144 3889 1262 3974 aliquid
1290 3890 1392 3954 laudis

108 3997 222 4062 exinde
244 4000 441 4085 speraverim,
465 4002 521 4065 sed
535 4002 608 4087 quia
622 4003 648 4064 si
663 4002 726 4066 illic
741 4002 858 4088 aliquid
877 4002 944 4064 vitii
961 4002 1131 4086 irrepserit,
1155 4024 1279 4087 aequum
1295 4013 1391 4065 estut

103 4106 139 4168 in
159 4105 331 4184 Editorem,
356 4131 420 4174 non
434 4111 468 4173 in
483 4112 620 4175 Antores
635 4133 672 4174 ea
687 4111 780 4195 culpa
795 4110 999 4174 transferatur
1007 4135 1017 4186 3
1038 4132 1079 4173 ne
1100 4110 1251 4173 similibus
1267 4108 1390 4172 cavillo

107 4212 245 4277 tionibus
260 4215 382 4278 occasio
395 4217 427 4278 in
440 4230 600 4301 posterum
621 4216 721 4293 detur,
738 4216 815 4280 tales
830 4215 1037 4280 distinctionis
1052 4215 1168 4279 notulae
1183 4238 1247 4278 non
1262 4215 1390 4278 adhibe-

109 4316 227 4382 buntur
241 4321 274 4382 in
289 4322 423 4386 secundi
438 4323 531 4409 hujus
543 4322 720 4386 Voluminis
734 4336 833 4407 parte,
851 4322 883 4384 in
894 4323 956 4408 qni
973 4344 1132 4405 speramus
1147 4321 1280 4385 calculos
1293 4321 1390 4384 Nuw·

108 4451 277 4494 romanos
298 4432 380 4496 eirca
406 4434 532 4499 Lunam
556 4434 753 4518 potissimum
774 4433 849 4499 satis
871 4433 1040 4508 intricatos,
1071 4432 1104 4495 in
1125 4449 1263 4517 apertam
1289 4431 1389 4494 lucem

109 4538 288 4622 expositum
303 4537 350 4601 iri.
