3330 5692
180 571 200 626 4
459 556 799 624 PHILOSOPHIAE
823 558 1094 625 NATURALIS
1157 559 1231 637 [Da
1246 557 1346 623 Mau.
1364 559 1448 625 sm

178 745 281 821 partes
306 731 413 795 divisae
438 732 625 817 separabiles
649 745 761 811 essent,
789 732 950 797 sedetiam
973 732 1059 819 quod
1083 731 1223 796 indivisae
1243 732 1277 796 in
1298 731 1458 799 infinitum

178 842 275 908 dividi
288 853 429 926 possent.

221 950 367 1034 Denique
391 949 417 1010 si
442 969 574 1032 corpora
599 949 704 1011 omnia
728 949 761 1011 in
787 950 918 1015 circuitu
942 961 1034 1013 terrae
1058 949 1167 1037 gravia
1187 970 1254 1012 esse
1273 949 1308 1012 in
1330 961 1456 1028 terram,

178 1060 272 1145 idque
285 1078 345 1142 pro
359 1057 530 1142 quantitate
544 1056 682 1119 materie
696 1057 729 1118 in
744 1057 884 1143 singulis,
905 1069 937 1120 et
950 1056 1056 1120 lunam
1070 1078 1197 1145 gravem
1211 1078 1279 1120 ease
1293 1056 1329 1119 in
1342 1068 1458 1120 terram

177 1191 237 1253 pro
263 1168 433 1252 quantitate
455 1165 594 1228 materiae
619 1186 694 1242 suae,
721 1178 753 1229 et
766 1167 901 1230 vicissim
925 1187 1012 1229 mare
1036 1179 1179 1230 nostrum
1204 1186 1300 1254 grave
1327 1187 1398 1229 esse
1425 1166 1461 1229 in

177 1278 293 1355 lunam,
309 1291 341 1341 et
353 1277 494 1362 planetas
508 1297 616 1339 omnes
631 1297 741 1363 graves
757 1298 823 1340 esse
838 1277 871 1339 in
886 1298 920 1340 se
933 1288 1054 1352 mutuo,
1074 1287 1107 1339 et
1120 1287 1311 1339 cometarum
1325 1273 1459 1339 similem

178 1412 245 1452 esse
259 1389 440 1475 gravium
454 1387 488 1448 in
504 1385 618 1462 Solem,
640 1406 698 1470 per
712 1385 926 1468 experimenta
939 1398 972 1449 et
985 1385 1217 1449 observationes
1233 1384 1459 1448 astronomicas

178 1498 391 1562 universaliter
405 1507 541 1560 constet:
565 1495 732 1558 dicendum
747 1496 807 1558 erit
820 1516 878 1578 per
892 1494 973 1558 hana
988 1493 1128 1583 regulam
1143 1492 1229 1579 quod
1243 1514 1378 1577 oorpora
1391 1513 1460 1557 om-

178 1607 231 1669 nia
251 1606 283 1667 in
306 1627 339 1667 se
359 1616 468 1666 mutuo
489 1603 653 1689 gravitant
698 1602 782 1666 Nam
796 1614 828 1666 et
841 1600 952 1666 fortius
967 1603 1026 1666 erit
1039 1613 1258 1691 argumentum
1273 1623 1315 1665 ex
1327 1601 1460 1687 phoeuo·

178 1712 276 1776 menis
298 1710 337 1775 de
359 1711 510 1796 gravitate
532 1709 707 1786 universali,
731 1707 825 1794 quim
839 1709 879 1772 de
897 1731 1066 1793 corporum
1086 1709 1398 1796 impenetrabilitate:
1421 1711 1461 1776 de

178 1819 240 1907 quia
269 1818 375 1904 utique
411 1817 444 1879 in
480 1817 664 1901 corporibus
694 1816 871 1880 ooelestibus
900 1817 1022 1880 nullum
1051 1819 1312 1903 experimentum,
1342 1818 1461 1884 nullam

178 1947 306 2012 prorsus
321 1923 567 1987 observationem
580 1923 742 1987 habemus.
788 1925 937 1988 Attamen
952 1925 1138 2014 gravitatem
1152 1926 1335 2011 corporibus
1357 1949 1462 1992 essen·

179 2035 283 2100 tialem
297 2057 364 2098 esse
377 2033 504 2097 minime
519 2033 649 2097 affirmo.
689 2032 752 2098 Per
765 2034 829 2097 vim
843 2036 968 2099 insitam
983 2035 1123 2124 intelligo
1138 2036 1235 2100 solam
1249 2037 1313 2100 vim
1329 2037 1462 2103 inertie.

181 2144 264 2208 Hoec
279 2143 478 2208 immutabilis
492 2155 547 2207 est
595 2143 634 2227 (¹¹)
651 2143 800 2208 Gravitas
815 2144 990 2208 recedendo
1004 2169 1023 2208 a
1038 2143 1131 2223 terri,
1147 2144 1339 2210 diminuitur.

685 2342 879 2408 REGULA
903 2344 960 2406 IV.

179 2515 220 2578 In
235 2511 428 2596 philosophici
443 2516 679 2596 experimentali,
696 2517 918 2597 propositiones
933 2537 970 2577 ea
978 2516 1182 2597 plraenomenis
1190 2535 1250 2596 per
1264 2516 1464 2581 indicationem

222 2624 359 2699 collectae,
384 2643 443 2684 non
465 2622 649 2686 obstantibus
669 2624 833 2685 contrariis
854 2622 1067 2706 hypothesim,
1083 2643 1144 2703 pro
1166 2623 1312 2686 aerisaut
1325 2620 1467 2689 uacui

223 2739 277 2791 aut
302 2726 525 2814 quamproxime*
538 2730 644 2792 baberi
658 2731 773 2808 debent,
800 2733 891 2793 donec
906 2731 971 2792 otiu
985 2732 1167 2794 ocacnoint
1175 2732 1385 2813 pbaenomena,
1404 2755 1466 2817 per

223 2857 289 2922 qiua
303 2849 356 2901 out
370 2841 570 2902 accuratiores
584 2840 752 2902 reddantur
766 2848 820 2901 out
835 2837 1052 2920 exceptionibus
1067 2837 1210 2901 obnoaice.

224 3005 262 3088 (⁰)
280 3004 355 3068 Hoc
369 3004 440 3068 fieri
453 3005 546 3069 debet
560 3027 600 3070 ne
615 3018 835 3093 argumentum
852 3005 1039 3070 inductionis
1054 3005 1180 3071 tollatur
1194 3028 1250 3090 per
1264 3006 1465 3092 hypotheses.

216 3170 249 3237 (⁶)
262 3176 276 3203 ⁰
294 3174 399 3221 Gratum
414 3175 565 3220 reemendari
581 3171 643 3219 tna-ti
660 3176 809 3230 diminuitur,
841 3171 910 3219 dueta
926 3170 956 3219 ad
972 3171 1122 3219 cubniendaa
1137 3172 1208 3219 modo
1218 3171 1465 3222 demomtratlaoeoa·

185 3235 285 3285 utiatrd
294 3237 500 3284 dmoaurabitur.
841 3236 956 3283 eluaiouaa
976 3235 1096 3297 generalea
1117 3235 1171 3283 satia
1189 3236 1308 3292 maslot,
1328 3237 1366 3283 hic
1385 3247 1465 3285 tarasa

218 3301 254 3365 (‘)
273 3305 286 3332 ’
313 3304 365 3349 Hoc
379 3304 437 3366 fieri
455 3302 524 3347 debet·
571 3299 642 3346 Hauc
659 3299 766 3363 regulam
784 3300 810 3346 in
842 3297 993 3346 ratiodnandi
1014 3298 1099 3346 medua
1119 3309 1155 3347 est
1179 3300 1286 3346 omnium
1306 3315 1366 3363 quoa
1385 3317 1465 3350 renam

186 3364 354 3428 quaestorius
363 3363 495 3423 opdeishoe
503 3362 730 3423 nremodoexponit
740 3364 811 3410 Νοι-
842 3361 926 3410 naturi
940 3363 1061 3412 admittere
1071 3363 1144 3424 paaait
1152 3363 1261 3424 optimus,
1278 3363 1345 3439 iqua
1354 3363 1384 3412 ab
1393 3367 1468 3414 vador

187 3441 264 3477 tooua.
291 3429 321 3476 Iu
332 3427 433 3489 physicis
444 3441 491 3473 nou
502 3428 636 3473 aeruaacin
644 3427 812 3475 mathematicis
842 3427 943 3487 reputari
959 3425 1028 3476 debet
1045 3426 1093 3490 qud
1109 3427 1237 3490 generalior
1252 3437 1287 3475 eat
1302 3428 1423 3487 induerim
1446 3430 1467 3478 ai

187 3493 295 3548 montiis,
312 3495 342 3539 ad
358 3506 395 3538 rea
410 3489 516 3538 difficiles
529 3490 679 3553 inquirendas
689 3492 814 3539 methodus
844 3501 922 3539 autam
939 3491 1005 3538 nulla
1020 3491 1200 3554 repugnaverint
1216 3493 1375 3551 ρδιιιαιιαιι,
1393 3509 1467 3555 gena-

188 3683 813 3745 metboduaineopoaitaestutadhibeanmraapert-
845 3685 947 3732 tiooibua
963 3685 1095 3734 necando
1111 3637 1469 3748 emundatotoque&

189 3761 268 3797 menta
284 3749 355 3814 atqu&
364 3748 533 3797 manaan
543 3747 666 3811 erepribua
676 3747 762 3796 deinde
773 3763 814 3809 per
845 3749 922 3811 genda
938 3749 1062 3797 conclusio
1108 3748 1190 3811 Hujua
1208 3749 1327 3809 analyaaoa
1346 3751 1436 3798 auxilio
1453 3766 1471 3799 a

188 3812 349 3862 inductionem
360 3812 519 3861 eooeluaiooea
529 3813 649 3875 generales
660 3811 812 3870 dadanum,
845 3814 975 3874 eompaairia
990 3814 1020 3861 ad
1035 3813 1157 3873 simplicia,
1168 3829 1183 3859 a
1192 3814 1293 3860 motibus
1303 3814 1333 3861 ad
1344 3814 1404 3861 viras
1413 3829 1469 3875 pro-

191 3891 238 3923 non
249 3879 393 3925 obeuntibus
401 3878 522 3924 mortariis
531 3877 703 3938 hypothesium,
720 3877 765 3923 alai
776 3892 815 3924 aaa
845 3878 963 3931 ducenta,
982 3888 1006 3925 et
1020 3876 1149 3941 genuerim
1164 3880 1194 3925 ab
1209 3877 1329 3925 effectibus
1342 3876 1373 3925 ad
1385 3893 1470 3926 mum

190 3940 814 4004 atiquouperimentoautceroattqatvoeteunixn
845 3957 926 3989 eatam
944 3942 1057 4002 perveniri
1074 3951 1157 4002 potest.
1202 3941 1275 3997 Quod
1292 3941 1323 3989 ad
1341 3943 1470 4004 aynthau'm

190 4005 317 4051 anaaonti
360 4005 384 4052 ‘a
423 4004 813 4068 Namquodhypothaaaaapaatat,
846 4007 950 4067 patainei,
972 4007 1023 4053 hue
1043 4020 1124 4052 muna
1145 4007 1250 4069 cognitas
1270 4004 1340 4070 atqui
1361 4010 1472 4067 probatae

191 4083 226 4114 eas
240 4067 266 4114 in
282 4020 429 4130 puizphtt
449 4067 623 4132 eaperirrmli
637 4068 716 4116 loen
730 4071 815 4117 habas
848 4081 958 4134 tsaqrm
974 4070 1087 4131 principia
1101 4070 1471 4133 amnisquanmopspuaaa·

192 4146 239 4176 aaa
261 4131 353 4180 debeat.
402 4134 517 4190 Quamvis
537 4132 658 4180 ntioeiaia
675 4135 705 4181 ab
723 4133 814 4194 experi-
848 4150 917 4184 mma
927 4131 982 4183 tuae
993 4133 1211 4196 mtaeaplioantur.

192 4195 277 4244 menda
292 4206 317 4244 at
332 4199 529 4250 obnnadonibus
544 4209 588 4256 per
600 4195 759 4247 Maeuoan
773 4196 814 4245 da·
