3330 5692
285 537 352 603 xxii
760 541 1097 610 INTRODUCTIO
1407 540 1507 619 [Car.
1523 539 1571 605 ll.

325 718 378 773 24.
403 711 438 775 Si
459 709 1574 797 atmosphaersCXFOMATerraeADMcircumlirsadivisa

280 816 471 907 intelligatur
486 820 518 883 in
532 821 711 885 innumeras
726 821 907 906 superficias
923 816 1092 906 sphaericas
1106 818 1227 884 telluris
1241 817 1418 904 superficiei
1437 840 1573 883 concen-

271 927 372 991 tricas
389 928 417 992 C
433 927 468 990 X
484 927 511 992 F
528 926 570 1006 Ο,
588 928 617 991 B
629 927 659 992 V
671 928 745 992 EN
759 931 814 992 ae'r
828 928 910 992 iuter
923 928 1002 993 duas
1016 926 1195 1014 hujusmodi
1208 925 1391 1012 superficies
1405 939 1572 994 contentam

273 1048 309 1100 et
351 1036 431 1099 airis
469 1037 639 1120 superioris

276 1143 415 1228 pondere
438 1166 634 1230 compressus

276 1248 314 1316 ed
339 1251 466 1317 densior
493 1254 552 1316 erit
573 1251 637 1338 quo

278 1358 379 1424 mimis
396 1383 415 1424 a
428 1361 548 1424 telluris
563 1382 636 1424 oen-

277 1482 327 1532 tro
349 1467 381 1531 T
406 1466 543 1531 distabit.
589 1468 638 1533 Sit

279 1575 304 1640 Z
315 1577 339 1641 S
350 1575 386 1639 H
397 1573 531 1638 circulus
542 1575 636 1639 verti·

274 1682 349 1747 calis
364 1704 405 1746 ex
420 1695 529 1746 centro
544 1682 636 1747 tellu-

273 1793 316 1856 ris
334 1791 566 1878 Tdescriptus‚
586 1815 636 1856 ar·

277 1925 331 1966 cus
355 1903 379 1968 S
395 1901 432 1966 H
446 1902 580 1965 altitudo
595 1902 636 1965 si-

277 2008 360 2074 deris
383 2011 407 2075 S
432 2032 528 2095 supra
551 2010 636 2073 hori·

276 2132 400 2184 zoutem
452 2119 637 2184 rationalem

277 2228 309 2294 T
326 2230 372 2308 H,
390 2243 422 2295 et
437 2230 463 2294 Z
480 2232 503 2296 S
518 2229 637 2294 datan-

272 2338 315 2402 tia
340 2337 451 2402 sideris
481 2361 501 2402 a
521 2339 636 2402 vertice

272 2445 309 2510 Z.
356 2446 390 2511 Si
422 2445 531 2509 radius
556 2445 635 2509 lucis

273 2554 298 2619 S
319 2553 354 2618 X
369 2576 387 2618 e
402 2553 504 2619 sidere
520 2555 545 2620 S
558 2575 634 2639 pro-

270 2675 404 2752 pagatus
415 2662 532 2728 incidat
541 2663 574 2726 in
584 2675 632 2728 at·

269 2771 484 2858 mosphaeram
499 2773 532 2835 in
546 2772 592 2850 X,
608 2773 635 2836 is

271 2878 461 2968 refringatur
474 2882 509 2945 in
524 2881 560 2946 X
573 2903 631 2968 per

273 2986 308 3051 X
332 2987 364 3051 V
389 2988 568 3053 accedendo
589 2987 632 3053 ad

269 3096 536 3162 semidiametrum
563 3096 596 3162 T
622 3096 658 3161 X
682 3093 859 3181 superficiei
887 3094 1050 3179 sphaerioae
1073 3094 1101 3159 C
1123 3093 1159 3156 X
1182 3091 1256 3157 FO
1277 3091 1567 3178 perpenunnlarem

269 3208 340 3291 (23)
366 3220 398 3272 et
423 3209 571 3295 quoniam
597 3207 678 3269 aeris
703 3205 842 3268 densitas
864 3204 898 3266 in
920 3201 952 3265 V
973 3205 1073 3288 major
1093 3216 1141 3266 est
1164 3199 1259 3287 qndm
1284 3202 1318 3265 in
1343 3201 1379 3268 X
1405 3201 1512 3265 radius
1533 3202 1566 3264 in

267 3327 390 3399 puncto
405 3314 446 3390 V,
462 3311 639 3397 superficiei
656 3310 684 3373 B
700 3308 731 3372 V
748 3306 905 3373 Erurstis·
917 3306 1107 3394 refringatur
1122 3306 1300 3371 accedendo
1315 3307 1356 3372 ad
1371 3306 1404 3372 T
1419 3307 1460 3385 V,
1472 3305 1566 3394 atqud

268 3420 312 3485 ita
334 3418 485 3486 continuo
506 3418 720 3482 incurvabitur
734 3417 814 3482 etin
829 3416 948 3479 lineam
970 3415 1006 3480 X
1028 3416 1059 3478 V
1075 3417 1106 3480 A
1121 3414 1230 3481 vereris
1245 3416 1276 3480 T
1291 3439 1399 3481 cavam
1412 3417 1565 3480 flectetur.

269 3531 367 3595 Hauc
382 3550 510 3595 curvam
524 3538 634 3615 tangat
648 3528 681 3590 in
696 3528 728 3591 A
743 3539 831 3591 recta
843 3528 875 3591 A
887 3549 912 3604 s,
929 3526 1048 3590 circulo
1062 3527 1200 3591 verticuli
1216 3528 1243 3592 Z
1260 3527 1296 3591 H
1311 3550 1479 3592 occurrens
1494 3528 1527 3590 in
1538 3550 1564 3604 s,

268 3652 300 3704 et
321 3641 470 3727 quoniam
491 3636 598 3701 radius
618 3636 697 3701 lucis
722 3637 745 3702 S
767 3637 803 3700 X
827 3636 859 3700 V
874 3638 906 3701 A
929 3637 1057 3701 oculum
1078 3639 1260 3723 spectatoris
1281 3640 1316 3703 in
1338 3642 1369 3704 A
1390 3638 1566 3727 ingreditur

268 3749 440 3813 secuudum
455 3745 660 3811 directionem
674 3744 834 3831 tangentis
850 3744 882 3809 A
898 3767 923 3822 s,
940 3744 1036 3823 sidus,
1053 3745 1139 3832 quod
1152 3758 1200 3810 est
1213 3745 1323 3811 reversi
1339 3747 1371 3809 iu
1389 3747 1422 3823 S,
1445 3744 1566 3810 videbi-

267 3867 320 3919 tur
335 3855 369 3919 in
383 3879 409 3932 s,
425 3856 460 3919 in
472 3854 544 3919 looo
558 3875 672 3938 nempe
686 3852 816 3929 altiore3
839 3866 953 3918 notum
969 3855 1052 3917 enim
1066 3867 1169 3918 estex
1183 3854 1287 3940 opticai
1299 3855 1454 3939 objectum
1465 3853 1564 3919 videri

267 3960 300 4025 in
315 3960 352 4025 ed
367 3961 451 4025 recta
467 3957 638 4026 secundum
655 3981 750 4046 qnam
764 3960 802 4023 fit
819 3959 952 4025 directio
967 3961 1126 4026 radiorum
1140 3963 1248 4027 oculos
1263 3962 1519 4051 ingredientium.

311 4075 363 4133 25.
388 4067 585 4132 Producatur
607 4066 640 4132 T
656 4066 691 4131 X
705 4066 748 4131 ad
765 4066 802 4144 L,
827 4079 863 4132 nt
885 4069 926 4133 sit
951 4070 974 4134 S
990 4070 1026 4133 X
1041 4071 1071 4135 L
1092 4070 1224 4159 angulus
1245 4072 1457 4136 inclinationis
1481 4072 1563 4137 radii

272 4177 295 4242 S
312 4176 348 4239 X
370 4176 403 4239 in
424 4177 668 4262 atmosphaeram
688 4176 867 4254 incidentis,
890 4190 922 4241 et
947 4179 979 4243 V
992 4179 1029 4246 X
1044 4179 1076 4245 T
1090 4181 1223 4270 angulus
1239 4182 1400 4260 refractus,
1416 4182 1490 4247 data
1504 4183 1564 4248 erit

267 4287 350 4351 ratio
365 4285 451 4351 sinirs
465 4288 573 4375 anguli
589 4290 613 4354 S
629 4288 664 4353 X
680 4287 720 4365 L,
745 4287 786 4351 ad
808 4288 911 4351 sinum
927 4289 1034 4377 anguli
1049 4291 1080 4353 V
1095 4291 1131 4354 X
1146 4289 1178 4355 T
1193 4292 1261 4376 (23)
1277 4314 1315 4356 ac
1328 4290 1461 4378 proinde
1477 4292 1564 4356 sinus

266 4394 456 4483 anfflrlorum
479 4395 692 4463 inclinationis
713 4409 808 4462 erunt
829 4420 955 4482 semper
976 4413 1013 4463 ut
1033 4401 1119 4465 sinus
1140 4403 1327 4490 angulorum
1348 4401 1562 4466 refractorum.

267 4500 376 4578 Quare
392 4501 502 4565 sideris
518 4502 551 4564 in
566 4505 684 4569 vertice
700 4505 727 4569 Z
742 4506 915 4583 constituti,
939 4505 994 4572 ubi
1015 4507 1118 4573 nullus
1134 4524 1181 4575 est
1195 4511 1329 4599 angulus
1343 4509 1562 4586 inclinationis,

265 4611 352 4675 nulls
373 4613 432 4676 erit
453 4611 608 4690 refractio,
631 4627 663 4678 et
690 4614 830 4679 siderum
847 4615 880 4677 in
895 4615 1067 4701 oeqnalibns
1082 4620 1229 4684 avertice
1244 4619 1396 4684 distantiis
1419 4619 1562 4696 sitorum,

267 4720 322 4785 ubi
336 4721 473 4820 amalec
488 4733 562 4787 sunt
576 4721 816 4790 inclinationum
831 4723 948 4814 anguli,
964 4725 1100 4812 aequales
1114 4741 1207 4794 erunt
1219 4726 1428 4794 refractiones.
1479 4726 1561 4793 Solis
