3330 5692
317 530 378 592 179
617 518 957 587 PHILOSOPHIAE
981 515 1256 585 NATURALIS
1296 514 1378 596 [Da
1393 514 1533 580 Murro.
1547 516 1631 582 Srsr.

314 694 431 784 Angla
453 695 586 760 eandem
607 693 672 759 ferd
691 694 945 783 ‚magnitudinem
967 690 1141 768 retinuisse,
1165 689 1286 754 scilicet
1310 687 1447 776 gradus
1471 691 1568 754 unius
1587 691 1630 754 rel

312 805 405 868 unius
428 827 499 869 cum
522 803 657 868 semisse.
704 804 880 868 Crassiores
896 813 969 865 sunt
982 799 1213 864 observationes
1230 796 1392 861 Ponthaei
1410 809 1447 861 et
1464 797 1568 875 Gellii,
1589 821 1628 862 ee

311 911 485 995 praesertim
500 933 571 996 quae
585 932 643 995 per
657 911 830 975 azimuthos
845 923 877 973 et
890 907 1069 972 altitudines
1083 906 1304 991 capiebantur,
1322 916 1361 968 ut
1371 916 1412 968 et
1424 925 1477 969 ore
1487 905 1624 970 Galletii:

310 1019 455 1084 meliores
478 1032 553 1084 sunt
578 1042 625 1084 eae
649 1043 719 1106 quae
744 1041 802 1106 per
825 1018 995 1104 positiones
1025 1027 1155 1082 cometoe
1183 1015 1225 1078 ad
1254 1015 1344 1078 fixas
1371 1038 1396 1078 a
1423 1014 1621 1094 Montenarn,

312 1127 455 1208 Hookio,
479 1131 626 1218 Angone,
650 1143 682 1193 et
702 1130 902 1194 observatore
931 1128 965 1190 in
995 1125 1087 1191 Novi
1114 1125 1241 1213 Anglii,
1274 1139 1311 1189 et
1341 1147 1581 1213 nonnunquam
1603 1151 1620 1191 a

311 1237 468 1302 Ponthaeo
481 1252 515 1303 et
530 1239 631 1304 Cellio
645 1251 719 1303 sunt
732 1238 831 1303 factae.
877 1235 1000 1302 Eodem
1014 1235 1065 1300 die
1079 1234 1121 1299 ad
1134 1234 1246 1298 horam
1261 1233 1423 1319 quintam
1443 1237 1616 1300 matutinam

310 1345 482 1411 Ballasorae
503 1359 625 1412 cometa
646 1348 871 1412 observabatur
891 1347 925 1408 in
939 1354 975 1408 og
991 1351 1065 1408 11¹¹.
1081 1344 1134 1408 45'
1142 1366 1151 1419 ;
1175 1343 1317 1430 ideoque
1333 1344 1380 1408 ad
1406 1345 1525 1409 horam
1537 1347 1614 1432 quin·

308 1463 373 1515 tam
396 1453 581 1517 matutinam
608 1454 747 1518 Londini
772 1466 840 1517 crat
862 1452 896 1514 in
918 1460 954 1516 99
982 1458 1052 1516 18⁵³.
1080 1449 1211 1512 circiter.
1268 1448 1339 1512 Per
1365 1449 1531 1516 theoriam
1550 1451 1611 1518 verti

307 1573 430 1624 cometa
439 1561 506 1645 jam
521 1574 587 1625 erat
601 1561 633 1624 in
646 1569 684 1624 ³²12
701 1567 773 1625 13⁸¹.
790 1561 850 1624 99.
868 1560 938 1622 49”.

349 1667 434 1734 Nov.
447 1677 499 1734 95.
522 1683 594 1734 ante
609 1682 712 1734 ortum
729 1669 811 1735 Solis
828 1669 1036 1734 Montenarus
1051 1679 1205 1730 cometam
1218 1664 1416 1732 observavit
1432 1669 1468 1732 in
1483 1680 1519 1732 ῆι
1533 1667 1608 1753 ΠΡ.

307 1778 440 1843 circiter.
486 1779 529 1844 Et
545 1780 664 1845 Cellius
680 1779 854 1844 observavit
867 1777 980 1843 eodem
999 1789 1140 1861 tempore
1154 1774 1241 1861 quod
1256 1790 1398 1842 cometa
1413 1794 1487 1844 erat
1501 1781 1532 1842 in
1545 1778 1608 1842 lind

306 1885 392 1950 recti
408 1886 490 1951 inter
506 1887 626 1950 stellam
641 1887 778 1950 lucidam
792 1887 826 1949 in
840 1886 953 1951 dextro
967 1885 1085 1950 femore
1100 1884 1241 1972 Virginis
1255 1899 1292 1949 et
1308 1886 1448 1952 lancem
1462 1888 1609 1952 ausnder

309 1995 426 2074 Librae,
443 1995 558 2059 ethaeo
573 2011 658 2061 recta
673 2009 757 2060 secat
771 1997 852 2060 viam
868 2008 998 2060 cometoe
1013 1995 1046 2057 in
1056 2003 1091 2059 m
1103 2001 1175 2058 18⁸¹.
1187 1996 1249 2059 36'.
1294 1995 1364 2060 Per
1381 1997 1541 2063 theor‘nrm
1550 1997 1609 2062 verb

307 2120 429 2172 cometa
437 2109 506 2193 jam
521 2121 587 2172 erat
600 2109 634 2171 in
649 2117 684 2173 m
701 2112 794 2190 ΙΨ.
812 2108 941 2172 circiter.

354 2215 544 2305 Congruunt
566 2216 662 2306 igitur
684 2218 736 2283 hae
758 2219 991 2284 observationes
1014 2238 1087 2281 curn
1109 2215 1229 2281 theorid
1252 2218 1427 2304 quitenus
1451 2231 1609 2308 congruunt

290 2389 292 2395 ,
305 2323 388 2388 inter
402 2348 446 2403 se,
462 2339 494 2390 et
508 2327 712 2415 congruendo
726 2328 863 2412 probant
877 2349 976 2392 unum
991 2339 1023 2390 et
1036 2326 1170 2390 eundem
1179 2325 1277 2390 fuisse
1293 2343 1479 2408 cometam,
1491 2331 1542 2418 qni
1554 2343 1608 2392 toto

307 2444 450 2518 tempore
465 2455 485 2496 a
499 2446 612 2519 quarto
627 2434 678 2499 die
695 2434 884 2499 Novembris
899 2434 940 2498 ad
954 2456 1053 2520 usque
1068 2455 1187 2497 nonum
1202 2433 1321 2500 Martii
1337 2439 1507 2523 apparunt.
1542 2437 1607 2502 Tra·

303 2541 437 2626 jectoria
457 2554 588 2606 cometae
610 2541 702 2628 hujus
733 2543 772 2627 (⁸)
788 2544 836 2607 bis
856 2542 955 2607 secuit
975 2542 1106 2627 planum
1120 2540 1284 2627 ecliptica,
1311 2555 1347 2608 et
1371 2560 1606 2632 proptereanra

306 2646 367 2712 fuit
387 2648 555 2712 rectilinea.
603 2649 790 2736 Eclipticam
811 2649 912 2714 secuit
931 2671 995 2712 non
1016 2648 1050 2711 in
1070 2648 1220 2732 oppositis
1235 2648 1313 2712 coeli
1328 2653 1497 2736 partibus,
1517 2651 1607 2718 sedit

304 2753 369 2819 fine
394 2756 534 2844 Virginis
559 2769 591 2821 et
614 2759 770 2843 principio
797 2758 994 2843 Capricorni,
1020 2757 1184 2822 intervallo
1206 2758 1375 2846 graduum
1400 2771 1459 2829 98.
1480 2763 1605 2835 eirdtert

308 2863 443 2952 ideoqae
458 2888 568 2931 cursus
583 2880 713 2931 cometae
733 2868 904 2954 plurimum
918 2867 1141 2933 deflectebatur
1155 2891 1175 2931 a
1189 2869 1312 2934 circulo
1335 2874 1497 2938 maximo.
1539 2871 1606 2938 Nm

304 2984 338 3034 et
354 2994 462 3036 mense
477 2972 651 3038 Novembri
666 2997 775 3039 cursus
790 2976 856 3061 ejus
871 2975 971 3040 tribus
986 2974 1097 3039 saltem
1110 2975 1259 3063 gradibus
1275 2977 1320 3040 ab
1336 2979 1491 3065 ecliptiod
1505 2981 1537 3043 in
1548 2999 1606 3042 ant·

304 3090 390 3141 trum
413 3079 600 3158 declinabat,
626 3096 656 3145 et
681 3095 790 3167 postea
815 3106 922 3147 mense
941 3083 1111 3148 Decembri
1137 3085 1288 3172 gradibus
1316 3093 1374 3151 99.
1405 3087 1554 3176 vergebat
1573 3085 1605 3147 ab

305 3188 448 3272 eclipticd
471 3191 505 3252 in
528 3194 770 3275 septentrionem
785 3195 927 3278 partibus
942 3192 1064 3256 duabus
1078 3192 1198 3268 orbitae,
1222 3193 1253 3253 in
1270 3196 1397 3279 quibus
1414 3212 1534 3261 oometa
1548 3210 1604 3259 ten·

305 3297 401 3361 debat
416 3299 448 3361 in
466 3300 571 3364 Solem
587 3314 619 3364 et
634 3302 756 3366 redibat
771 3326 789 3365 a
807 3303 890 3378 Sole,
907 3302 1023 3389 angulo
1038 3315 1206 3388 apparente
1220 3303 1387 3389 graduum
1404 3305 1478 3390 plus
1494 3303 1604 3391 triglnb

304 3408 346 3471 ab
363 3408 493 3472 invicem
509 3410 746 3488 declinantibus
759 3423 795 3474 ut
805 3412 981 3475 observavit
996 3410 1212 3474 Montenarus.
1246 3410 1418 3499 Pergebat
1434 3414 1601 3476 hicoonaa

302 3537 360 3600 per
372 3517 461 3603 signa
472 3540 594 3593 novem,
608 3542 627 3582 a
638 3519 754 3582 Leonis
764 3519 882 3583 scilicet
893 3519 1003 3582 ultimo
1014 3518 1115 3606 gradu
1127 3517 1167 3580 ad
1181 3518 1379 3602 principium
1392 3521 1599 3592 Geminorum,

302 3639 419 3709 praeter
429 3627 553 3714 signum
565 3628 692 3704 Leonis,
708 3650 766 3712 per
781 3628 866 3713 quod
881 3628 1033 3714 pergebat
1047 3642 1211 3712 antequam
1227 3625 1330 3689 videri
1347 3631 1470 3713 coepit;
1485 3641 1513 3690 et
1527 3623 1600 3688 nnlh

305 3732 369 3796 alia
384 3746 470 3797 extat
485 3734 615 3812 theoria,
639 3734 699 3820 qud
716 3749 837 3798 cometa
852 3748 968 3797 tantam
984 3734 1055 3796 coeli
1074 3746 1194 3818 partem
1209 3745 1299 3796 motu
1316 3735 1464 3821 regulari
1486 3753 1600 3819 percur-

300 3855 358 3905 rat.
406 3841 516 3906 Motus
539 3846 604 3929 ejus
628 3843 684 3907 fuit
706 3843 840 3907 maxime
862 3843 1066 3929 inaequabih‘s.
1112 3843 1195 3906 Nam
1210 3843 1296 3906 circa
1312 3844 1403 3908 diem
1427 3846 1597 3932 vigesimum

301 3951 491 4017 Novembris
513 3955 676 4040 descripsit
697 3956 813 4042 gradus
829 3956 952 4020 circiter
967 3957 1104 4041 quinque
1120 3955 1250 4042 singulis
1266 3953 1405 4033 diebus;
1431 3958 1504 4022 dein
1518 3971 1594 4020 motu

292 4063 461 4127 ‘retardato
485 4064 567 4127 inter
590 4064 743 4128 Novemb.
761 4073 811 4128 96.
828 4078 859 4128 et
880 4064 1035 4129 Decemb.
1055 4072 1103 4126 19.
1121 4063 1221 4147 spatio
1237 4061 1360 4126 scilicet
1376 4064 1504 4129 dierum
1518 4064 1596 4149 quin-

300 4168 401 4234 decim
418 4194 489 4236 cum
505 4175 640 4250 semisse,
656 4174 819 4259 descripsit
833 4174 951 4261 gradus
966 4186 1085 4237 tanturn
1101 4184 1143 4236 40
1152 4197 1161 4248 ;
1177 4184 1286 4256 postea
1299 4173 1377 4238 verd
1388 4190 1480 4240 motu
1495 4177 1593 4239 iterun

300 4278 482 4356 accelerat0,
498 4280 662 4365 descripsit
676 4282 793 4368 gradus
803 4280 868 4344 iere
879 4282 1017 4367 quinque
1034 4280 1162 4367 singulis
1178 4279 1303 4356 diebus,
1316 4295 1492 4368 antequam
1504 4296 1593 4344 motus

300 4382 414 4447 iterum
436 4387 588 4450 retardari
610 4389 713 4472 coepit.
759 4388 802 4452 Et
817 4388 938 4452 theoria
953 4412 1024 4474 quae
1038 4387 1136 4450 motui
1153 4399 1216 4450 tam
1232 4386 1419 4472 inaequabili
1435 4413 1494 4474 per
1508 4384 1592 4451 maxi·

300 4511 382 4551 mam
406 4493 475 4555 coeli
497 4508 617 4579 partem
641 4494 739 4579 probe
762 4496 940 4582 respondet,
965 4517 1097 4580 quaeque
1111 4493 1239 4557 easdem
1256 4492 1409 4558 observat
1431 4496 1517 4584 leges
1531 4513 1588 4558 run

333 4748 448 4861 (⁸)i4153is
467 4756 537 4861 selegit
553 4756 654 4815 planum
671 4756 784 4814 ecliptica.
832 4753 937 4811 Tempus
954 4766 1001 4813 quo
1016 4759 1107 4797 cometa
1123 4761 1185 4797 aaut
1201 4750 1334 4809 eclipticam
1352 4752 1455 4800 inveniri
1472 4763 1539 4813 puto*
1553 4760 1586 4807 Ν

301 4828 366 4860 num.
430 4825 470 4861 ‚et
514 4822 535 4861 4.
