3300 5678
176 555 238 612 186
480 533 822 604 PHILOSOPHIAE
844 528 1135 598 NATURALIS
1170 527 1253 607 [Da
1265 525 1479 591 Munnsrsr.

172 719 226 804 qai
240 737 277 778 ea
291 712 328 775 eri
342 712 437 775 arisit
451 711 539 773 valde
553 711 652 772 clarus
666 717 696 770 et
710 708 799 790 quasi
812 692 917 789 ingens
930 702 1016 767 araas
1032 703 1081 764 ad
1094 702 1260 763 orientem
1277 707 1310 762 et
1333 699 1478 782 aquilm

173 822 323 896 tendebat,
350 831 386 882 ut
408 816 503 880 habet
528 816 621 879 etiarn
644 812 799 878 Hevelius
823 833 863 876 ex
890 809 1040 876 Simeone
1066 806 1304 873 Dunelmensi
1329 804 1477 870 Monacba

170 925 334 1013 'Apparuit
348 925 437 987 initio
451 922 567 986 mensis
583 920 755 998 Februarii,
772 941 808 983 ac
823 918 968 1002 deinceps
982 917 1073 980 ciroa
1084 936 1283 1000 vesperam,
1301 913 1345 977 ad
1357 936 1477 977 occasm
1519 926 1521 931 '

182 1033 265 1099 Solis
285 1031 468 1096 brumalem.
513 1028 593 1092 Indd
615 1027 690 1092 verb
705 1038 791 1092 etex
805 1027 867 1091 situ
881 1024 990 1090 cau'dae
1005 1024 1185 1112 colligitur
1200 1035 1306 1108 caput
1321 1023 1411 1087 lirlsse
1428 1024 1477 1089 Soli

175 1141 323 1205 vicinum.
378 1138 410 1202 A
424 1138 501 1212 Son,
518 1136 618 1222 inquit
634 1134 806 1201 Matthaeus
824 1132 1015 1210 Parisiensis,
1033 1132 1188 1196 distabat
1205 1133 1306 1216 quasi
1318 1131 1475 1205 cubituras,

175 1252 216 1314 ab
235 1248 311 1314 tora
333 1246 427 1312 tertii
450 1243 577 1330 (rectius
592 1243 693 1324 sexti)
715 1265 805 1328 usque
819 1245 862 1307 ad
874 1245 979 1306 loram
993 1262 1112 1305 nmium
1128 1242 1271 1304 radium
1287 1263 1329 1303 es
1341 1263 1372 1304 se
1384 1242 1476 1325 langas

176 1361 321 1422 emittens.
353 1355 441 1420 Talis
456 1356 549 1419 etiam
564 1368 631 1419 erat
644 1353 877 1418 ardentissimus
891 1352 943 1416 ille
957 1362 1084 1416 oometa
1097 1351 1147 1415 ab
1166 1350 1355 1415 Aristotele
1366 1350 1476 1436 descrip-

176 1479 228 1530 tus
243 1465 315 1530 Lib.
333 1465 360 1529 Ι.
376 1462 513 1528 Meteor.
529 1460 599 1540 v1.,
615 1461 697 1546 cujus
710 1470 801 1544 caput
816 1461 920 1543 primo
933 1461 985 1524 die
997 1480 1061 1522 non
1078 1469 1291 1542 conspectum
1306 1469 1361 1536 est,
1376 1481 1408 1521 eo
1418 1462 1475 1542 qaod

176 1586 248 1639 ante
272 1577 368 1641 Solem
391 1577 438 1638 vel
461 1576 565 1638 salton
590 1573 643 1636 sab
667 1574 767 1635 radiis
789 1555 936 1635 solaribus
958 1571 1133 1645 occidisset,
1166 1579 1324 1652 sequente
1352 1565 1417 1632 υσὸ
1439 1571 1473 1632 li<

179 1697 323 1771 quantum
338 1687 444 1769 potuit
464 1685 558 1746 viarm
580 1692 633 1746 est.
677 1681 760 1744 Nam
775 1701 863 1765 quam
877 1680 1089 1761 minimafieri
1097 1687 1219 1761 potest
1235 1679 1391 1742 «limatis
1404 1679 1472 1743 Sale·

182 1797 318 1879 reliqvit,
334 1803 364 1857 et
377 1814 445 1856 moa
459 1793 601 1856 ocoaduit.
635 1791 681 1856 Ob
695 1792 818 1854 nimiam
833 1792 970 1853 ardorem
987 1787 1116 1873 (caudoe
1134 1789 1284 1869 scilicet)
1302 1791 1424 1853 nondun
1434 1809 1473 1870 ap

173 1901 306 1986 parebat
326 1902 439 1982 capitis
458 1920 579 1982 sparsae
600 1901 691 1982 ignis,
710 1900 763 1962 sed
777 1899 957 1980 procedente
971 1906 1108 1980 tenpore
1132 1897 1201 1982 (ait
1217 1893 1473 1975 Aristoteleslria

180 2008 304 2094 (cauda)
319 2008 391 2091 jam
412 2010 510 2071 minas
520 2009 691 2094 flagraret,
716 2009 839 2071 reddita
864 2016 907 2071 est
924 2003 1043 2090 (capiti)
1067 2016 1208 2070 comdae
1228 2028 1292 2070 sara
1302 2007 1410 2092 socies
1442 2006 1473 2069 it

178 2121 363 2201 splendorem
384 2127 467 2182 amm
487 2120 531 2180 ud
551 2119 673 2180 tertiam
694 2138 785 2200 usqae
798 2119 996 2200 coelipartem
1019 2113 1149 2199 (idest,
1168 2116 1218 2180 ad
1235 2118 1335 2198 60⁸.)
1360 2118 1472 2181 camut.

181 2228 340 2311 Apparuit
362 2237 460 2290 arcem
481 2236 612 2309 tenpore
626 2226 756 2311 hybmao
779 2230 842 2311 (an.
859 2235 889 2289 4.
906 2224 1033 2312 Olymp.
1054 2226 1150 2307 101.)
1177 2237 1213 2291 et
1232 2231 1474 2310 ascendentum

180 2339 224 2399 ad
243 2338 392 2420 cingulum
414 2336 539 2400 Orionis
561 2336 607 2400 ibi
628 2339 760 2401 evanuit.
807 2337 939 2401 Cometa
962 2335 1013 2400 ille
1036 2336 1116 2400 anni
1151 2346 1261 2418 1618,
1291 2341 1348 2427 qui
1368 2363 1385 2403 e
1405 2336 1474 2401 ndis

182 2443 335 2507 solaribus
357 2443 593 2507 caudatissimus
615 2446 749 2523 emersit,
775 2444 878 2508 stellas
899 2445 1010 2529 primae
1030 2445 1286 2532 magnitudinis
1310 2470 1423 2535 oequare
1437 2443 1473 2507 val

184 2553 280 2638 paulb
294 2576 442 2640 superare
457 2554 631 2633 videbatur,
654 2555 709 2619 sed
731 2555 864 2640 majores
883 2575 1056 2638 apparuere
1072 2568 1224 2620 cometae
1240 2579 1315 2622 non
1328 2553 1472 2643 paudqu'

185 2663 301 2728 caudas
314 2664 472 2728 breviores
486 2661 633 2728 habuere.
678 2663 810 2728 Horum
824 2662 920 2749 aliqui
933 2662 1055 2741 Jovem,
1079 2664 1137 2727 alii
1155 2664 1336 2730 Venerem
1348 2665 1396 2730 vel
1406 2665 1473 2728 aba

186 2769 310 2834 Lunam
324 2793 464 2856 aequasse
483 2769 658 2833 traduntur.

229 2874 268 2958 (¹²)
280 2876 429 2940 Diximus
444 2889 580 2939 cometas
595 2898 663 2939 esse
677 2897 777 2963 genus
792 2874 988 2961 planetarum
1002 2875 1035 2939 in
1049 2875 1195 2940 orbibus
1212 2878 1315 2942 valde
1327 2875 1476 2942 mennith

187 2983 269 3046 circa
292 2983 395 3047 Solem
418 2983 651 3046 revolventium.
706 2983 749 3046 Et
770 2983 1032 3068 quemadmodum
1054 3005 1073 3045 e
1095 2982 1248 3067 planetis
1275 3008 1344 3049 non
1366 2984 1476 3047 caudata

185 3097 320 3160 minores
343 3118 411 3159 esse
428 3097 537 3172 solent,
561 3096 614 3180 qui
635 3096 666 3158 in
681 3096 809 3159 orbibus
824 3095 997 3158 minoribus
1012 3110 1043 3156 et
1060 3094 1129 3158 Soli
1148 3097 1369 3180 propioribus
1387 3117 1478 3182 ganu-

185 3219 245 3282 tur‚
270 3206 313 3268 sic
336 3205 429 3268 etiam
444 3218 590 3281 cometas,
615 3206 669 3291 qui
691 3206 722 3267 in
738 3204 895 3289 periheliis
911 3205 973 3268 suis
988 3204 1028 3267 ad
1045 3205 1159 3268 Solem
1176 3207 1325 3292 propirls
1340 3205 1477 3270 accedunt

186 3327 221 3376 ut
235 3312 404 3396 plurimum
421 3313 555 3375 minores
571 3336 648 3389 esse,
665 3336 705 3376 ne
722 3313 828 3378 Solem
842 3314 1025 3377 attractione
1040 3311 1097 3376 sua
1112 3315 1219 3379 nimis
1236 3319 1372 3403 agitent,
1388 3313 1477 3377 rationi

186 3433 429 3485 consentaneum
451 3420 582 3483 videtur.
628 3420 660 3503 (¹)
687 3421 821 3485 Orbium
844 3419 918 3484 verb
939 3435 1130 3483 transversas
1157 3422 1344 3487 diametros
1359 3437 1388 3485 et
1407 3442 1478 3483 reve

186 3532 339 3595 lutionum
360 3543 502 3615 tempora
522 3530 690 3615 periodica,
714 3554 755 3595 ex
770 3531 934 3595 collatione
949 3542 1141 3594 cometarum
1169 3532 1205 3594 in
1230 3533 1350 3597 iisdem
1369 3531 1477 3595 orbibus

220 3784 256 3849 (²¹)
271 3790 323 3833 171.
337 3790 350 3816 “
363 3786 723 3848 Diaimusoometasease'gmas
735 3791 817 3850 plane·
849 3788 1010 3835 animadvertit
1024 3787 1112 3835 clariss.
1134 3789 1260 3839 Cassianus
1284 3793 1313 3839 in
1333 3794 1399 3841 Μαι.
1418 3791 1476 3838 rus

187 3861 274 3904 taram.
287 3851 357 3911 idque
369 3852 508 3912 gravissimis
518 3853 645 3898 rationibus
656 3853 814 3899 confirmatur.
851 3858 920 3901 1⁶99·
933 3863 1046 3899 oumetarn
1061 3852 1162 3899 diversis
1180 3857 1338 3916 tenporibus
1353 3862 1479 3905 mmm

190 3912 246 3961 Eric
265 3915 328 3961 enirn
347 3915 407 3961 sacti
428 3916 548 3975 hypothesi
570 3916 755 3979 computatisque
775 3933 817 3977 per
848 3915 948 3978 ideoque
964 3932 1005 3976 pro
1022 3916 1115 3964 duobus
1133 3920 1241 3966 cometis
1257 3934 1480 3983 umrpatnmuncn

189 3978 311 4025 methodos
332 3979 486 4038 praecedentes
509 3991 652 4026 cometarum
674 3981 815 4042 trajectenis,
848 3981 1477 4043 eundemqueessepoeseliceanonoemeniaaima

189 4043 324 4104 hujusmodi
341 4043 475 4106 trajectoriae
487 4060 577 4104 semper
587 4060 641 4090 curn
658 4046 817 4105 phoenomenis
849 4061 873 4092 ae
884 4046 964 4092 omnia
974 4054 1082 4092 motuum
1093 4045 1236 4104 oleumcum
1255 4049 1310 4096 fieri
1322 4052 1406 4097 scilicet
1420 4057 1481 4109 pm

190 4117 324 4169 congruunt
334 4107 508 4169 quamproxime
524 4108 607 4155 clariss.
624 4110 734 4156 Halleius
744 4109 818 4169 suspi-
851 4120 878 4156 ut
900 4126 962 4156 unus
983 4108 1092 4172 idemque
1109 4123 1209 4159 comm
1231 4114 1272 4160 bis
1295 4118 1426 4162 obsonum
1445 4125 1481 4156 Μ

191 4182 256 4218 catur
271 4181 385 4218 cometam
402 4188 440 4218 an.
456 4178 525 4220 1531.
539 4176 568 4219 ab
587 4173 697 4233 Appiano
713 4176 817 4220 observa-
850 4185 912 4221 secet
926 4174 1054 4234 eclipticam
1065 4175 1211 4223 subendam
1223 4179 1321 4240 angulo
1336 4190 1360 4226 at
1375 4181 1399 4224 in
1414 4176 1481 4223 indta

191 4244 250 4292 tum,
271 4237 372 4283 eundem
390 4237 463 4282 fuisse
480 4253 534 4283 cum
553 4237 593 4283 illo
610 4238 650 4300 qui
668 4253 731 4284 anno
748 4242 816 4286 1607.
851 4238 915 4295 locis,
933 4248 961 4285 ut
971 4247 1067 4285 comete
1082 4238 1157 4300 bujua
1168 4242 1291 4290 velocitas
1302 4245 1328 4290 iu
1339 4245 1437 4307 peligno
1445 4254 1479 4285 aot

191 4298 320 4360 descriptus
335 4311 370 4347 est
386 4317 400 4347 a
419 4301 521 4361 Keplero
535 4311 559 4348 et
576 4301 779 4363 Longomontano‚
796 4312 820 4350 et
851 4304 882 4349 ait
903 4301 991 4350 eadem.
1039 4301 1137 4349 Tahbus
1159 4305 1232 4352 enim
1258 4310 1382 4355 errordrus
1401 4307 1481 4364 alliso!

192 4378 262 4422 quern
282 4364 392 4412 Halleius
411 4365 460 4426 ipso
478 4366 614 4413 redeuntem
636 4367 763 4413 observavit
780 4383 817 4413 aa.
852 4367 959 4427 plurimis
975 4367 1046 4423 Luna
1061 4376 1097 4413 eat
1112 4369 1231 4419 obaaoxia.
1271 4374 1396 4421 ceterum
1411 4371 1478 4418 elam

196 4431 265 4472 1682.
279 4428 423 4489 quadrabant
434 4429 495 4475 enirn
508 4431 624 4476 elementa
632 4430 718 4487 omnia,
726 4432 820 4492 solaque
854 4431 963 4478 Halleius
979 4431 1105 4492 diligenter
1122 4436 1252 4494 perpensis
1275 4439 1384 4485 metabus
1404 4446 1480 4483 oum

193 4490 339 4548 periodorum
347 4493 609 4555 inequalitasadrersari
618 4495 745 4542 videbatur.
773 4497 818 4541 Va-
852 4511 889 4542 an.
909 4501 976 4543 1682.
995 4496 1068 4557 hujus
1086 4507 1191 4545 comam
1214 4501 1326 4549 radium
1346 4517 1409 4549 anno
1427 4502 1479 4545 1ῖῆ

194 4552 247 4599 nlm
256 4564 320 4601 tanta
331 4559 432 4604 nonfuit
443 4559 586 4621 inaequalitas
594 4559 633 4605 illa
643 4570 669 4606 ut
676 4559 751 4606 causis
762 4561 820 4621 phy·
854 4560 961 4607 futurum
971 4575 1020 4607 esse
1031 4559 1147 4620 predixit.

195 4617 248 4663 sicis
258 4618 354 4665 adscribi
367 4636 413 4667 non
425 4623 501 4682 possit.
539 4623 633 4670 Saturni
644 4625 707 4670 anim
719 4636 796 4671 motus
807 4640 821 4671 a
887 4624 918 4687 (ἱ)
936 4629 949 4654 '
964 4626 1060 4674 orbium
1070 4625 1124 4673 verb
1136 4637 1290 4678 transimus
1301 4634 1422 4679 dianam
1431 4638 1447 4674 rt
1457 4641 1484 4669 rt·

195 4683 284 4728 crateris
300 4683 397 4741 planetis
408 4697 431 4732 et
447 4688 573 4746 prasertim
585 4704 599 4734 a
609 4688 668 4736 Jove
683 4688 716 4735 iti
732 4699 822 4748 pertur-
859 4692 1000 4737 volutianum
1015 4699 1121 4751 tempora
1135 4695 1271 4752 ρσὶοάὶω.
1308 4697 1373 4744 Hoc
1388 4690 1486 4744 amabi

195 4748 264 4792 batur
282 4756 310 4792 ut
326 4762 367 4805 per
385 4749 472 4812 aliquot
488 4751 538 4798 dies
552 4752 653 4814 integros
669 4752 782 4799 incertum
794 4753 824 4798 sit
858 4754 907 4799 neri
926 4762 1024 4815 pomum
1042 4758 1084 4817 p'er
1100 4757 1251 4806 metlaodum
1269 4776 1340 4810 num
1361 4767 1411 4810 16⁰·
1431 4769 1487 4816 ⁶1*

196 4811 266 4873 hujus
276 4810 375 4871 planeta
386 4821 477 4873 tempus
489 4816 638 4873 peritalicuna.
669 4816 742 4864 Recte
754 4818 823 4864 ctiam
855 4818 929 4865 sitam
