3300 5678
172 615 234 673 160
480 598 822 668 PHILOSOPHIAE
845 600 1123 669 NATURALIS
1155 600 1241 683 [Da
1255 599 1394 668 Murro.
1407 603 1492 671 sm

215 777 280 843 Die
295 775 427 861 Veneris
444 775 521 839 Feb.
538 783 590 840 25.
606 787 644 839 st.
659 787 719 839 vet.
735 775 804 840 hor.
820 779 862 858 83
886 797 977 860 pm.
992 787 1125 840 cometae
1143 775 1181 840 in
1205 797 1232 861 p
1248 777 1424 842 existentis
1437 776 1495 841 dis·

172 887 271 953 tantia
284 908 305 949 a
319 885 408 950 stelli
432 884 461 949 Ε
483 897 551 949 erat
570 885 674 949 minor
694 881 786 970 quim
809 891 849 971 '1⁵5
866 885 897 949 A
912 885 952 962 Ε,
967 886 1068 971 major
1081 883 1183 970 quim
1199 887 1224 968 ᾖ
1241 886 1275 949 A
1295 884 1339 963 E,
1365 885 1493 973 ideoque

173 991 302 1080 aequalis
323 993 363 1073 ἦ
387 991 418 1056 A
435 990 465 1055 Ε
486 991 650 1076 proxime:
673 1002 706 1055 et
725 991 859 1080 angulus
875 991 906 1056 A
920 990 985 1076 pE
1006 991 1152 1056 nonnihil
1176 991 1325 1056 obtusus
1341 1007 1422 1071 erat,
1443 994 1491 1059 sed

172 1103 239 1168 ferd
261 1115 373 1168 rectus.
418 1102 542 1188 Nempe
564 1102 591 1167 si
612 1101 828 1167 demitteretur
847 1102 887 1167 ad
906 1125 929 1187 p
946 1102 975 1166 Ε
995 1101 1271 1188 perpendiculum
1294 1103 1341 1168 ab
1366 1104 1409 1181 A,
1434 1103 1489 1168 dis-

173 1213 271 1277 tantia
286 1224 416 1276 cometae
430 1234 451 1275 a
464 1212 690 1297 perpendiculo
703 1211 759 1276 illo
774 1225 842 1278 erat
854 1215 875 1293 ᾖ
889 1236 911 1298 p
928 1211 967 1276 E.

220 1315 342 1381 Eidem
362 1330 454 1382 nocte
475 1316 555 1382 honi
576 1320 828 1483 9b⁰0¹11etaelin
845 1319 873 1384 P
888 1320 1048 1384 existentis
1063 1319 1220 1386 distantia
1235 1345 1257 1386 a
1264 1321 1371 1491 lstella
1389 1320 1417 1386 Ε
1430 1335 1483 1386 erat

174 1465 274 1550 major
288 1461 382 1550 quim
396 1516 439 1610 -ὸ
409 1435 486 1529 lA
503 1465 541 1544 Ε,
558 1465 662 1530 minor
675 1435 874 1614 quam51-1A
891 1466 930 1545 Ε,
946 1466 1079 1553 ideoque
1094 1437 1297 1554 aequalis..
1248 1534 1297 1616 ᾗ
1316 1469 1350 1533 A
1376 1468 1413 1544 Ε
1435 1491 1479 1533 seu

176 1638 217 1716 ἦ
233 1635 263 1698 Α
281 1633 311 1698 Ε
326 1636 574 1722 quamproxime.
620 1638 652 1701 A
666 1539 893 1722 perpendiculo
907 1649 1011 1702 autem
1026 1661 1045 1702 a
1060 1637 1150 1703 stella
1168 1640 1202 1703 A
1219 1638 1265 1703 ad
1283 1651 1405 1703 rectam
1420 1636 1476 1703 PE

174 1742 310 1809 demisso
325 1745 472 1811 distantia
485 1758 615 1811 cometae
629 1759 697 1811 erat
711 1747 731 1829 ᾖ
747 1746 774 1810 Ρ
791 1746 829 1810 Ε.

219 2973 283 3039 Die
308 2973 389 3038 Solis
417 2972 493 3036 Feb.
510 2980 562 3040 27.
578 2972 647 3036 hor.
672 2977 712 3056 8}
736 2995 767 3057 p.
784 2996 827 3038 m.
850 2987 981 3039 cometae
1003 2975 1036 3038 in
1055 2975 1088 3052 Q
1107 2977 1282 3046 existentis
1303 2984 1470 3050 distantiae

176 3081 265 3144 steliai
289 3080 321 3144 Ο
343 3081 489 3166 aequabat
510 3080 687 3144 distantiam
710 3080 871 3145 stellarum
895 3080 978 3147 Oet
999 3082 1046 3159 H,
1063 3096 1094 3148 et
1109 3100 1202 3151 reeta
1225 3090 1264 3167 Q
1281 3092 1316 3157 O
1336 3094 1471 3179 producta

175 3186 327 3251 transibat
346 3186 428 3250 inter
450 3185 554 3249 stelias
579 3186 611 3249 K
633 3199 665 3249 et
688 3185 726 3250 B.
774 3186 967 3251 Positionem
986 3187 1079 3274 hujus
1095 3204 1196 3255 rectae
1212 3195 1260 3259 ob
1277 3199 1381 3265 nubes
1395 3202 1472 3264 inter-

175 3296 335 3359 venientes
350 3296 448 3381 magis
463 3294 608 3359 accurate
624 3293 755 3359 definire
770 3319 834 3360 non
853 3299 952 3381 potui.

218 3404 282 3468 Die
299 3403 413 3466 Martis
430 3402 528 3467 Mart.
547 3412 574 3466 l.
585 3402 656 3469 hor.
673 3413 724 3470 ll.
741 3427 771 3489 p.
784 3427 826 3467 m.
842 3418 963 3470 cometa
978 3407 1010 3469 in
1027 3408 1058 3471 R
1073 3409 1230 3491 existens,
1248 3416 1354 3481 stellis
1370 3415 1472 3482 Ketc

179 3510 322 3576 accurate
345 3512 556 3597 interjacebat,
580 3525 612 3575 et
627 3526 721 3576 rectae
746 3514 773 3577 C
792 3513 821 3576 R
840 3512 871 3576 K
892 3536 966 3599 pars
982 3515 1010 3578 C
1028 3516 1059 3579 R
1073 3517 1175 3599 paulo
1192 3524 1304 3608 major
1318 3540 1387 3590 erat
1399 3522 1472 3610 quin

176 3627 192 3702 ᾗ
212 3624 240 3687 C
257 3623 299 3700 K,
316 3637 347 3687 et
362 3625 457 3708 paulo
472 3623 576 3687 minor
591 3623 718 3710 quam}
738 3623 766 3687 C
784 3623 815 3687 K
832 3633 865 3697 4-
884 3628 904 3706 1}
922 3625 950 3688 C
967 3625 1008 3702 R,
1025 3625 1162 3712 ideoque
1179 3634 1469 3718 aequaIMCKt»

177 3735 216 3813 ᾗ
234 3730 262 3793 C
279 3731 309 3794 R
325 3753 379 3794 seu
394 3730 434 3816 ἐξ
451 3732 478 3795 C
496 3731 537 3794 K.

220 3838 284 3901 Die
305 3837 457 3902 Mercurii
478 3838 576 3902 Mart.
592 3846 621 3900 2.
637 3837 706 3901 hor.
722 3848 751 3901 8.
768 3860 799 3922 p.
815 3861 857 3901 m.
873 3853 1002 3903 cometae
1017 3841 1183 3908 existentis
1203 3847 1237 3908 in
1262 3849 1288 3913 S
1312 3849 1472 3914 distantiae

176 3944 264 4008 stellai
290 3945 318 4008 C
341 3957 407 4008 erat
421 3946 438 4027 3
459 3946 485 4009 F
501 3945 530 4008 C
552 3943 798 4030 quamproxime.
844 3945 1002 4009 Distantia
1023 3947 1122 4010 stellae
1139 3948 1169 4012 F
1185 3975 1205 4014 a
1221 3955 1315 4019 recti
1333 3956 1360 4020 C
1376 3957 1398 4020 S
1414 3974 1472 4038 pro-

177 4050 272 4113 ducta
293 4066 360 4115 erat
375 4055 414 4131 ἐς
439 4051 466 4114 F
482 4051 527 4127 C;
555 4063 587 4115 et
606 4051 752 4114 distantia
774 4050 870 4114 stelloe
887 4051 970 4115 Bab
985 4050 1095 4116 eidem
1110 4056 1210 4134 recti,
1235 4074 1311 4124 erat
1326 4057 1471 4146 quintuplo

177 4161 278 4245 major
293 4159 387 4246 quim
402 4160 549 4224 distantia
564 4159 662 4223 stellae
679 4160 715 4223 F.
763 4158 844 4221 Item
859 4171 944 4222 recta
966 4158 1038 4224 NS
1058 4159 1222 4244 producta
1235 4167 1393 4231 transibat
1408 4166 1471 4227 inter

178 4270 282 4333 stellas
304 4270 340 4333 H
361 4282 392 4333 et
415 4270 442 4348 1,
469 4269 634 4356 quintuplo
656 4267 706 4330 vel
729 4266 874 4351 sextuplo
893 4268 1022 4352 propior
1041 4268 1181 4333 existens
1201 4273 1310 4337 stellae
1337 4274 1373 4338 H
1395 4271 1469 4360 quim

178 4377 277 4441 stellae
294 4379 319 4442 Ι.

223 4484 286 4547 Die
303 4486 428 4549 Saturni
445 4485 542 4549 Mart.
560 4498 589 4550 5.
606 4485 675 4547 hor.
693 4487 752 4563 Πὸ
769 4506 800 4566 p.
815 4504 856 4545 m.
872 4483 992 4547 cometis
1007 4484 1162 4548 existente
1179 4486 1214 4550 in
1231 4488 1277 4564 T,
1307 4505 1392 4554 recta
1406 4481 1468 4553 ΜΤ

179 4590 306 4674 aequalis
327 4605 393 4654 erat
414 4595 434 4671 ἦ
458 4591 497 4654 Μ
514 4591 552 4667 L,
577 4604 608 4653 et
629 4604 713 4653 reeta
729 4588 758 4652 L
774 4588 805 4652 T
824 4589 978 4672 producta
992 4589 1142 4653 transibat
1159 4591 1246 4656 inter
1266 4596 1344 4659 Bet
1362 4597 1395 4670 F,
1409 4613 1466 4679 qua·

179 4695 293 4779 druplo
308 4696 358 4760 vel
374 4696 540 4781 quintuplo
555 4697 684 4780 propior
701 4696 728 4759 F
743 4694 835 4780 quam
853 4695 891 4771 B,
909 4694 1051 4758 auferens
1066 4718 1084 4758 a
1103 4697 1131 4759 B
1146 4697 1175 4761 F
1191 4699 1339 4784 quintam
1356 4701 1400 4764 rei
1414 4717 1466 4760 sex·

180 4821 243 4869 tarn
260 4806 325 4889 ejus
340 4817 462 4887 partem
477 4827 585 4867 versus
604 4805 639 4866 F.
680 4804 721 4866 Et
734 4803 772 4865 M
786 4802 817 4866 T
827 4802 981 4886 producta
991 4803 1144 4866 transibat
1159 4820 1255 4869 extra
1271 4810 1403 4890 spatium
1416 4800 1467 4867 BF

181 4912 220 4974 ad
243 4924 346 4994 partes
370 4907 466 4972 stellae
491 4910 528 4987 B,
553 4910 730 4994 quadruplo
750 4909 879 4993 propior
902 4910 1036 4974 existens
1053 4909 1152 4974 stella>
1172 4911 1316 4999 Bqutim
1332 4913 1422 4979 stella
1440 4909 1465 4972 F.
