<?xml version="1.0" encoding="UTF-8"?>
<!DOCTYPE html PUBLIC "-//W3C//DTD XHTML 1.0 Transitional//EN"
    "http://www.w3.org/TR/xhtml1/DTD/xhtml1-transitional.dtd">
<html xmlns="http://www.w3.org/1999/xhtml" xml:lang="en" lang="en">
 <head>
  <title>
</title>
<meta http-equiv="Content-Type" content="text/html;charset=utf-8" />
  <meta name='ocr-system' content='tesseract 3.04.00' />
  <meta name='ocr-capabilities' content='ocr_page ocr_carea ocr_par ocr_line ocrx_word'/>
</head>
<body>
  <div class='ocr_page' id='page_1' title='image "./philosophiaenat01newtgoog_0036.png"; bbox 0 0 3330 5692; ppageno 0'>
   <div class='ocr_carea' id='block_1_1' title="bbox 352 546 1640 639">
    <p class='ocr_par' dir='ltr' id='par_1_1' title="bbox 352 546 1640 639">
     <span class='ocr_line' id='line_1_1' title="bbox 352 546 1640 639; baseline -0.023 1"><span class='ocrx_word' id='word_1_1' title='bbox 352 594 420 639; x_wconf 85' lang='lat' dir='ltr'><strong>xxx</strong></span> <span class='ocrx_word' id='word_1_2' title='bbox 832 557 1167 629; x_wconf 84' lang='lat' dir='ltr'>INTRODUCTIO</span> <span class='ocrx_word' id='word_1_3' title='bbox 1460 551 1561 630; x_wconf 76' lang='lat' dir='ltr'><strong>[Car.</strong></span> <span class='ocrx_word' id='word_1_4' title='bbox 1577 546 1640 612; x_wconf 90' lang='lat' dir='ltr'><strong>Ill.</strong></span> 
     </span>
    </p>
   </div>
   <div class='ocr_carea' id='block_1_2' title="bbox 347 721 1644 2000">
    <p class='ocr_par' dir='ltr' id='par_1_2' title="bbox 347 721 1644 2000">
     <span class='ocr_line' id='line_1_2' title="bbox 395 721 1644 824; baseline -0.018 -17"><span class='ocrx_word' id='word_1_5' title='bbox 395 751 447 814; x_wconf 78' lang='grc'><strong>87.</strong></span> <span class='ocrx_word' id='word_1_6' title='bbox 471 743 535 809; x_wconf 84' lang='lat' dir='ltr'><strong>His</strong></span> <span class='ocrx_word' id='word_1_7' title='bbox 555 739 674 824; x_wconf 85' lang='lat' dir='ltr'><strong>positis,</strong></span> <span class='ocrx_word' id='word_1_8' title='bbox 697 736 787 800; x_wconf 82' lang='lat' dir='ltr'><strong>facile</strong></span> <span class='ocrx_word' id='word_1_9' title='bbox 813 748 862 800; x_wconf 91' lang='lat' dir='ltr'><strong>est</strong></span> <span class='ocrx_word' id='word_1_10' title='bbox 886 733 1077 799; x_wconf 89' lang='lat' dir='ltr'><strong>micrometri</strong></span> <span class='ocrx_word' id='word_1_11' title='bbox 1098 752 1191 796; x_wconf 89' lang='lat' dir='ltr'><strong>usum</strong></span> <span class='ocrx_word' id='word_1_12' title='bbox 1212 725 1397 815; x_wconf 85' lang='lat' dir='ltr'><strong>intelligere.</strong></span> <span class='ocrx_word' id='word_1_13' title='bbox 1454 721 1514 787; x_wconf 80' lang='lat' dir='ltr'><strong>Est</strong></span> <span class='ocrx_word' id='word_1_14' title='bbox 1538 734 1644 786; x_wconf 88' lang='lat' dir='ltr'><strong>autem</strong></span> 
     </span>
     <span class='ocr_line' id='line_1_3' title="bbox 350 829 1640 927; baseline -0.02 -12"><span class='ocrx_word' id='word_1_15' title='bbox 350 850 584 914; x_wconf 67' lang='lat' dir='ltr'><strong>nricrometmm</strong></span> <span class='ocrx_word' id='word_1_16' title='bbox 598 845 840 908; x_wconf 81' lang='lat' dir='ltr'><strong>instrumentum</strong></span> <span class='ocrx_word' id='word_1_17' title='bbox 861 839 947 927; x_wconf 91' lang='lat' dir='ltr'><strong>quod</strong></span> <span class='ocrx_word' id='word_1_18' title='bbox 961 841 994 902; x_wconf 95' lang='lat' dir='ltr'><strong>in</strong></span> <span class='ocrx_word' id='word_1_19' title='bbox 1008 838 1080 903; x_wconf 80' lang='lat' dir='ltr'><strong>foco</strong></span> <span class='ocrx_word' id='word_1_20' title='bbox 1093 837 1186 901; x_wconf 91' lang='lat' dir='ltr'><strong>lentis</strong></span> <span class='ocrx_word' id='word_1_21' title='bbox 1201 832 1363 920; x_wconf 83' lang='lat' dir='ltr'><strong>objectivoe</strong></span> <span class='ocrx_word' id='word_1_22' title='bbox 1378 829 1541 913; x_wconf 82' lang='lat' dir='ltr'><strong>telescopii</strong></span> <span class='ocrx_word' id='word_1_23' title='bbox 1555 841 1640 912; x_wconf 89' lang='lat' dir='ltr'><strong>apta·</strong></span> 
     </span>
     <span class='ocr_line' id='line_1_4' title="bbox 350 936 1642 1042; baseline -0.02 -19"><span class='ocrx_word' id='word_1_24' title='bbox 350 957 468 1024; x_wconf 75' lang='lat' dir='ltr'><strong>arrad</strong></span> <span class='ocrx_word' id='word_1_25' title='bbox 493 952 724 1042; x_wconf 75' lang='lat' dir='ltr'><strong>magnitudines</strong></span> <span class='ocrx_word' id='word_1_26' title='bbox 750 961 935 1034; x_wconf 79' lang='lat' dir='ltr'><strong>apparentes</strong></span> <span class='ocrx_word' id='word_1_27' title='bbox 962 969 1034 1033; x_wconf 83' lang='lat' dir='ltr'><strong>quoe</strong></span> <span class='ocrx_word' id='word_1_28' title='bbox 1059 944 1196 1033; x_wconf 87' lang='lat' dir='ltr'><strong>gradum</strong></span> <span class='ocrx_word' id='word_1_29' title='bbox 1220 962 1319 1005; x_wconf 90' lang='lat' dir='ltr'><strong>unum</strong></span> <span class='ocrx_word' id='word_1_30' title='bbox 1340 937 1391 1002; x_wconf 92' lang='lat' dir='ltr'><strong>vel</strong></span> <span class='ocrx_word' id='word_1_31' title='bbox 1413 936 1550 1026; x_wconf 89' lang='lat' dir='ltr'><strong>gradum</strong></span> <span class='ocrx_word' id='word_1_32' title='bbox 1570 956 1642 999; x_wconf 87' lang='lat' dir='ltr'><strong>cum</strong></span> 
     </span>
     <span class='ocr_line' id='line_1_5' title="bbox 349 1043 1642 1147; baseline -0.016 -15"><span class='ocrx_word' id='word_1_33' title='bbox 349 1068 475 1133; x_wconf 78' lang='lat' dir='ltr'><strong>semisse</strong></span> <span class='ocrx_word' id='word_1_34' title='bbox 489 1086 554 1129; x_wconf 93' lang='lat' dir='ltr'><strong>non</strong></span> <span class='ocrx_word' id='word_1_35' title='bbox 569 1072 727 1147; x_wconf 87' lang='lat' dir='ltr'><strong>superant,</strong></span> <span class='ocrx_word' id='word_1_36' title='bbox 750 1057 966 1123; x_wconf 87' lang='lat' dir='ltr'><strong>dimetiendas.</strong></span> <span class='ocrx_word' id='word_1_37' title='bbox 1026 1054 1115 1119; x_wconf 84' lang='lat' dir='ltr'><strong>illius</strong></span> <span class='ocrx_word' id='word_1_38' title='bbox 1135 1049 1400 1117; x_wconf 82' lang='lat' dir='ltr'><strong>constructionem</strong></span> <span class='ocrx_word' id='word_1_39' title='bbox 1414 1067 1509 1132; x_wconf 88' lang='lat' dir='ltr'><strong>quam</strong></span> <span class='ocrx_word' id='word_1_40' title='bbox 1526 1044 1572 1110; x_wconf 94' lang='lat' dir='ltr'><strong>D.</strong></span> <span class='ocrx_word' id='word_1_41' title='bbox 1588 1043 1642 1111; x_wconf 82' lang='lat' dir='ltr'><strong>De</strong></span> 
     </span>
     <span class='ocr_line' id='line_1_6' title="bbox 349 1154 1642 1239; baseline -0.019 0"><span class='ocrx_word' id='word_1_42' title='bbox 349 1175 381 1239; x_wconf 90' lang='lat' dir='ltr'><strong>la</strong></span> <span class='ocrx_word' id='word_1_43' title='bbox 397 1174 479 1239; x_wconf 88' lang='lat' dir='ltr'><strong>Hire</strong></span> <span class='ocrx_word' id='word_1_44' title='bbox 500 1173 535 1234; x_wconf 92' lang='lat' dir='ltr'><strong>in</strong></span> <span class='ocrx_word' id='word_1_45' title='bbox 550 1168 684 1235; x_wconf 81' lang='lat' dir='ltr'><strong>Tabulis</strong></span> <span class='ocrx_word' id='word_1_46' title='bbox 701 1165 927 1230; x_wconf 85' lang='lat' dir='ltr'><strong>Astronomicis</strong></span> <span class='ocrx_word' id='word_1_47' title='bbox 953 1162 1049 1227; x_wconf 89' lang='lat' dir='ltr'><strong>veluti</strong></span> <span class='ocrx_word' id='word_1_48' title='bbox 1078 1159 1184 1225; x_wconf 90' lang='lat' dir='ltr'><strong>usibus</strong></span> <span class='ocrx_word' id='word_1_49' title='bbox 1210 1154 1440 1223; x_wconf 84' lang='lat' dir='ltr'><strong>Astronomicis</strong></span> <span class='ocrx_word' id='word_1_50' title='bbox 1465 1174 1642 1217; x_wconf 89' lang='lat' dir='ltr'><strong>accommo-</strong></span> 
     </span>
     <span class='ocr_line' id='line_1_7' title="bbox 351 1260 1642 1357; baseline -0.021 -8"><span class='ocrx_word' id='word_1_51' title='bbox 351 1283 505 1348; x_wconf 89' lang='lat' dir='ltr'><strong>datiorem</strong></span> <span class='ocrx_word' id='word_1_52' title='bbox 534 1279 631 1357; x_wconf 82' lang='lat' dir='ltr'><strong>dedit,</strong></span> <span class='ocrx_word' id='word_1_53' title='bbox 669 1275 849 1341; x_wconf 76' lang='lat' dir='ltr'><strong>reseremus.</strong></span> <span class='ocrx_word' id='word_1_54' title='bbox 909 1273 1043 1338; x_wconf 88' lang='lat' dir='ltr'><strong>Constat</strong></span> <span class='ocrx_word' id='word_1_55' title='bbox 1070 1292 1112 1334; x_wconf 87' lang='lat' dir='ltr'><strong>ex</strong></span> <span class='ocrx_word' id='word_1_56' title='bbox 1140 1268 1264 1333; x_wconf 92' lang='lat' dir='ltr'><strong>duobus</strong></span> <span class='ocrx_word' id='word_1_57' title='bbox 1294 1263 1421 1350; x_wconf 89' lang='lat' dir='ltr'><strong>quadris</strong></span> <span class='ocrx_word' id='word_1_58' title='bbox 1450 1260 1642 1349; x_wconf 86' lang='lat' dir='ltr'><strong>reetangulis</strong></span> 
     </span>
     <span class='ocr_line' id='line_1_8' title="bbox 349 1368 1641 1478; baseline -0.019 -23"><span class='ocrx_word' id='word_1_59' title='bbox 349 1412 485 1478; x_wconf 91' lang='lat' dir='ltr'><strong>quorum</strong></span> <span class='ocrx_word' id='word_1_60' title='bbox 513 1387 646 1452; x_wconf 84' lang='lat' dir='ltr'><strong>alterum</strong></span> <span class='ocrx_word' id='word_1_61' title='bbox 669 1385 700 1449; x_wconf 86' lang='lat' dir='ltr'>A</span> <span class='ocrx_word' id='word_1_62' title='bbox 716 1385 745 1450; x_wconf 87' lang='lat' dir='ltr'>C</span> <span class='ocrx_word' id='word_1_63' title='bbox 761 1383 791 1449; x_wconf 84' lang='lat' dir='ltr'>B</span> <span class='ocrx_word' id='word_1_64' title='bbox 805 1381 850 1458; x_wconf 90' lang='lat' dir='ltr'><strong>D,</strong></span> <span class='ocrx_word' id='word_1_65' title='bbox 878 1393 914 1445; x_wconf 89' lang='lat' dir='ltr'><strong>nt</strong></span> <span class='ocrx_word' id='word_1_66' title='bbox 935 1379 1106 1465; x_wconf 90' lang='lat' dir='ltr'><strong>plurimum</strong></span> <span class='ocrx_word' id='word_1_67' title='bbox 1131 1373 1360 1463; x_wconf 81' lang='lat' dir='ltr'><strong>longitudinem</strong></span> <span class='ocrx_word' id='word_1_68' title='bbox 1385 1370 1481 1434; x_wconf 88' lang='lat' dir='ltr'><strong>habet</strong></span> <span class='ocrx_word' id='word_1_69' title='bbox 1506 1368 1641 1433; x_wconf 89' lang='lat' dir='ltr'><strong>duorum</strong></span> 
     </span>
     <span class='ocr_line' id='line_1_9' title="bbox 347 1475 1642 1586; baseline -0.02 -22"><span class='ocrx_word' id='word_1_70' title='bbox 347 1499 498 1586; x_wconf 91' lang='lat' dir='ltr'><strong>pollicum</strong></span> <span class='ocrx_word' id='word_1_71' title='bbox 519 1517 592 1559; x_wconf 89' lang='lat' dir='ltr'><strong>cum</strong></span> <span class='ocrx_word' id='word_1_72' title='bbox 614 1493 740 1558; x_wconf 84' lang='lat' dir='ltr'><strong>semisse</strong></span> <span class='ocrx_word' id='word_1_73' title='bbox 755 1503 787 1556; x_wconf 89' lang='lat' dir='ltr'><strong>et</strong></span> <span class='ocrx_word' id='word_1_74' title='bbox 801 1488 1001 1554; x_wconf 90' lang='lat' dir='ltr'><strong>latitudinem</strong></span> <span class='ocrx_word' id='word_1_75' title='bbox 1016 1486 1109 1550; x_wconf 90' lang='lat' dir='ltr'><strong>unius</strong></span> <span class='ocrx_word' id='word_1_76' title='bbox 1124 1483 1247 1569; x_wconf 90' lang='lat' dir='ltr'><strong>pollicis</strong></span> <span class='ocrx_word' id='word_1_77' title='bbox 1262 1502 1335 1545; x_wconf 92' lang='lat' dir='ltr'><strong>cum</strong></span> <span class='ocrx_word' id='word_1_78' title='bbox 1350 1477 1488 1543; x_wconf 81' lang='lat' dir='ltr'><strong>semisse</strong></span> <span class='ocrx_word' id='word_1_79' title='bbox 1535 1475 1642 1562; x_wconf 85' lang='lat' dir='ltr'><strong>Hujus</strong></span> 
     </span>
     <span class='ocr_line' id='line_1_10' title="bbox 348 1582 1641 1691; baseline -0.02 -21"><span class='ocrx_word' id='word_1_80' title='bbox 348 1603 470 1691; x_wconf 86' lang='lat' dir='ltr'><strong>quadri,</strong></span> <span class='ocrx_word' id='word_1_81' title='bbox 494 1601 592 1666; x_wconf 84' lang='lat' dir='ltr'><strong>latera</strong></span> <span class='ocrx_word' id='word_1_82' title='bbox 613 1600 709 1687; x_wconf 91' lang='lat' dir='ltr'><strong>longa</strong></span> <span class='ocrx_word' id='word_1_83' title='bbox 730 1599 761 1663; x_wconf 83' lang='lat' dir='ltr'>A</span> <span class='ocrx_word' id='word_1_84' title='bbox 776 1598 821 1675; x_wconf 91' lang='lat' dir='ltr'><strong>D,</strong></span> <span class='ocrx_word' id='word_1_85' title='bbox 847 1596 932 1672; x_wconf 90' lang='lat' dir='ltr'><strong>CB,</strong></span> <span class='ocrx_word' id='word_1_86' title='bbox 956 1595 989 1657; x_wconf 92' lang='lat' dir='ltr'><strong>in</strong></span> <span class='ocrx_word' id='word_1_87' title='bbox 1010 1605 1117 1679; x_wconf 83' lang='lat' dir='ltr'><strong>partes</strong></span> <span class='ocrx_word' id='word_1_88' title='bbox 1138 1589 1274 1678; x_wconf 84' lang='lat' dir='ltr'><strong>aequales</strong></span> <span class='ocrx_word' id='word_1_89' title='bbox 1289 1599 1321 1650; x_wconf 90' lang='lat' dir='ltr'><strong>et</strong></span> <span class='ocrx_word' id='word_1_90' title='bbox 1335 1583 1425 1650; x_wconf 77' lang='lat' dir='ltr'><strong>tertii</strong></span> <span class='ocrx_word' id='word_1_91' title='bbox 1440 1596 1531 1668; x_wconf 86' lang='lat' dir='ltr'><strong>parte</strong></span> <span class='ocrx_word' id='word_1_92' title='bbox 1550 1582 1641 1647; x_wconf 88' lang='lat' dir='ltr'><strong>unius</strong></span> 
     </span>
     <span class='ocr_line' id='line_1_11' title="bbox 347 1689 1641 1797; baseline -0.02 -22"><span class='ocrx_word' id='word_1_93' title='bbox 347 1709 470 1797; x_wconf 89' lang='lat' dir='ltr'><strong>pollicis</strong></span> <span class='ocrx_word' id='word_1_94' title='bbox 485 1709 567 1772; x_wconf 90' lang='lat' dir='ltr'><strong>inter</strong></span> <span class='ocrx_word' id='word_1_95' title='bbox 581 1730 614 1771; x_wconf 89' lang='lat' dir='ltr'><strong>se</strong></span> <span class='ocrx_word' id='word_1_96' title='bbox 629 1707 779 1771; x_wconf 88' lang='lat' dir='ltr'><strong>distantes</strong></span> <span class='ocrx_word' id='word_1_97' title='bbox 793 1703 986 1778; x_wconf 92' lang='lat' dir='ltr'><strong>dividuntur,</strong></span> <span class='ocrx_word' id='word_1_98' title='bbox 1010 1697 1052 1763; x_wconf 82' lang='lat' dir='ltr'><strong>iti</strong></span> <span class='ocrx_word' id='word_1_99' title='bbox 1068 1712 1174 1762; x_wconf 88' lang='lat' dir='ltr'><strong>tamen</strong></span> <span class='ocrx_word' id='word_1_100' title='bbox 1189 1708 1225 1759; x_wconf 89' lang='lat' dir='ltr'><strong>nt</strong></span> <span class='ocrx_word' id='word_1_101' title='bbox 1239 1694 1331 1757; x_wconf 87' lang='lat' dir='ltr'><strong>lineoe</strong></span> <span class='ocrx_word' id='word_1_102' title='bbox 1345 1691 1448 1756; x_wconf 86' lang='lat' dir='ltr'><strong>ductae</strong></span> <span class='ocrx_word' id='word_1_103' title='bbox 1462 1711 1520 1774; x_wconf 87' lang='lat' dir='ltr'><strong>per</strong></span> <span class='ocrx_word' id='word_1_104' title='bbox 1535 1689 1641 1778; x_wconf 87' lang='lat' dir='ltr'><strong>singu·</strong></span> 
     </span>
     <span class='ocr_line' id='line_1_12' title="bbox 350 1794 1640 1889; baseline -0.016 -9"><span class='ocrx_word' id='word_1_105' title='bbox 350 1816 398 1880; x_wconf 88' lang='lat' dir='ltr'><strong>las</strong></span> <span class='ocrx_word' id='word_1_106' title='bbox 411 1814 579 1879; x_wconf 84' lang='lat' dir='ltr'><strong>divisiones</strong></span> <span class='ocrx_word' id='word_1_107' title='bbox 595 1813 657 1877; x_wconf 90' lang='lat' dir='ltr'><strong>sint</strong></span> <span class='ocrx_word' id='word_1_108' title='bbox 671 1810 712 1875; x_wconf 88' lang='lat' dir='ltr'><strong>ad</strong></span> <span class='ocrx_word' id='word_1_109' title='bbox 726 1809 825 1874; x_wconf 86' lang='lat' dir='ltr'><strong>latera</strong></span> <span class='ocrx_word' id='word_1_110' title='bbox 839 1809 869 1872; x_wconf 79' lang='lat' dir='ltr'>A</span> <span class='ocrx_word' id='word_1_111' title='bbox 882 1808 927 1885; x_wconf 90' lang='lat' dir='ltr'><strong>D,</strong></span> <span class='ocrx_word' id='word_1_112' title='bbox 945 1806 974 1871; x_wconf 87' lang='lat' dir='ltr'>C</span> <span class='ocrx_word' id='word_1_113' title='bbox 985 1803 1024 1881; x_wconf 90' lang='lat' dir='ltr'><strong>B,</strong></span> <span class='ocrx_word' id='word_1_114' title='bbox 1040 1801 1324 1889; x_wconf 79' lang='lat' dir='ltr'><strong>perpendiculares.</strong></span> <span class='ocrx_word' id='word_1_115' title='bbox 1368 1796 1468 1861; x_wconf 82' lang='lat' dir='ltr'><strong>Hisce</strong></span> <span class='ocrx_word' id='word_1_116' title='bbox 1482 1794 1640 1859; x_wconf 87' lang='lat' dir='ltr'><strong>divisioni·</strong></span> 
     </span>
     <span class='ocr_line' id='line_1_13' title="bbox 349 1904 1639 2000; baseline -0.013 -13"><span class='ocrx_word' id='word_1_117' title='bbox 349 1923 409 1988; x_wconf 89' lang='lat' dir='ltr'><strong>bus</strong></span> <span class='ocrx_word' id='word_1_118' title='bbox 432 1921 487 1985; x_wconf 87' lang='lat' dir='ltr'><strong>fila</strong></span> <span class='ocrx_word' id='word_1_119' title='bbox 509 1921 606 1985; x_wconf 89' lang='lat' dir='ltr'><strong>serica</strong></span> <span class='ocrx_word' id='word_1_120' title='bbox 631 1917 710 1983; x_wconf 74' lang='lat' dir='ltr'><strong>bend</strong></span> <span class='ocrx_word' id='word_1_121' title='bbox 733 1930 823 1983; x_wconf 87' lang='lat' dir='ltr'><strong>tensa</strong></span> <span class='ocrx_word' id='word_1_122' title='bbox 844 1915 1050 2000; x_wconf 84' lang='lat' dir='ltr'><strong>applicantur,</strong></span> <span class='ocrx_word' id='word_1_123' title='bbox 1077 1911 1337 2000; x_wconf 87' lang='lat' dir='ltr'><strong>glutinanturque</strong></span> <span class='ocrx_word' id='word_1_124' title='bbox 1363 1905 1444 1970; x_wconf 77' lang='lat' dir='ltr'><strong>ceri.</strong></span> <span class='ocrx_word' id='word_1_125' title='bbox 1501 1904 1639 1971; x_wconf 81' lang='lat' dir='ltr'><strong>Additur</strong></span> 
     </span>
    </p>
   </div>
   <div class='ocr_carea' id='block_1_3' title="bbox 350 3087 1645 4914">
    <p class='ocr_par' dir='ltr' id='par_1_3' title="bbox 350 3087 1645 4914">
     <span class='ocr_line' id='line_1_14' title="bbox 350 3087 1644 3177; baseline -0.002 -23"><span class='ocrx_word' id='word_1_126' title='bbox 350 3089 441 3155; x_wconf 80' lang='lat' dir='ltr'><strong>iilum</strong></span> <span class='ocrx_word' id='word_1_127' title='bbox 462 3091 597 3154; x_wconf 88' lang='lat' dir='ltr'><strong>sericum</strong></span> <span class='ocrx_word' id='word_1_128' title='bbox 623 3089 655 3154; x_wconf 90' lang='lat' dir='ltr'>K</span> <span class='ocrx_word' id='word_1_129' title='bbox 679 3090 717 3167; x_wconf 86' lang='lat' dir='ltr'><strong>L,</strong></span> <span class='ocrx_word' id='word_1_130' title='bbox 748 3091 866 3154; x_wconf 90' lang='lat' dir='ltr'><strong>dictum</strong></span> <span class='ocrx_word' id='word_1_131' title='bbox 896 3091 1112 3168; x_wconf 84' lang='lat' dir='ltr'><strong>transversale,</strong></span> <span class='ocrx_word' id='word_1_132' title='bbox 1143 3091 1229 3177; x_wconf 89' lang='lat' dir='ltr'><strong>quod</strong></span> <span class='ocrx_word' id='word_1_133' title='bbox 1251 3090 1292 3154; x_wconf 91' lang='lat' dir='ltr'><strong>ad</strong></span> <span class='ocrx_word' id='word_1_134' title='bbox 1313 3088 1444 3177; x_wconf 92' lang='lat' dir='ltr'><strong>angulos</strong></span> <span class='ocrx_word' id='word_1_135' title='bbox 1467 3101 1569 3154; x_wconf 85' lang='lat' dir='ltr'><strong>rectos</strong></span> <span class='ocrx_word' id='word_1_136' title='bbox 1591 3087 1644 3152; x_wconf 78' lang='lat' dir='ltr'><strong>fils</strong></span> 
     </span>
     <span class='ocr_line' id='line_1_15' title="bbox 352 3195 1644 3284; baseline -0.001 -21"><span class='ocrx_word' id='word_1_137' title='bbox 352 3197 505 3284; x_wconf 87' lang='lat' dir='ltr'><strong>pnrallela</strong></span> <span class='ocrx_word' id='word_1_138' title='bbox 530 3195 627 3260; x_wconf 82' lang='lat' dir='ltr'><strong>modd</strong></span> <span class='ocrx_word' id='word_1_139' title='bbox 650 3195 805 3282; x_wconf 87' lang='lat' dir='ltr'><strong>descripta</strong></span> <span class='ocrx_word' id='word_1_140' title='bbox 825 3220 844 3260; x_wconf 95' lang='lat' dir='ltr'><strong>a</strong></span> <span class='ocrx_word' id='word_1_141' title='bbox 865 3197 898 3274; x_wconf 88' lang='lat' dir='ltr'><strong>b,</strong></span> <span class='ocrx_word' id='word_1_142' title='bbox 920 3196 986 3274; x_wconf 89' lang='lat' dir='ltr'><strong>od,</strong></span> <span class='ocrx_word' id='word_1_143' title='bbox 1010 3196 1064 3274; x_wconf 87' lang='lat' dir='ltr'><strong>ef,</strong></span> <span class='ocrx_word' id='word_1_144' title='bbox 1089 3200 1146 3262; x_wconf 80' lang='lat' dir='ltr'><strong>&amp;o</strong></span> <span class='ocrx_word' id='word_1_145' title='bbox 1170 3211 1255 3263; x_wconf 86' lang='lat' dir='ltr'><strong>secet</strong></span> <span class='ocrx_word' id='word_1_146' title='bbox 1275 3209 1308 3262; x_wconf 92' lang='lat' dir='ltr'><strong>et</strong></span> <span class='ocrx_word' id='word_1_147' title='bbox 1329 3198 1361 3261; x_wconf 91' lang='lat' dir='ltr'><strong>in</strong></span> <span class='ocrx_word' id='word_1_148' title='bbox 1383 3196 1488 3261; x_wconf 92' lang='lat' dir='ltr'><strong>medio</strong></span> <span class='ocrx_word' id='word_1_149' title='bbox 1509 3196 1644 3262; x_wconf 80' lang='lat' dir='ltr'><strong>laterum</strong></span> 
     </span>
     <span class='ocr_line' id='line_1_16' title="bbox 356 3303 1645 3394; baseline -0.001 -23"><span class='ocrx_word' id='word_1_150' title='bbox 356 3307 387 3371; x_wconf 86' lang='lat' dir='ltr'>A</span> <span class='ocrx_word' id='word_1_151' title='bbox 404 3307 443 3384; x_wconf 86' lang='lat' dir='ltr'><strong>C,</strong></span> <span class='ocrx_word' id='word_1_152' title='bbox 469 3307 548 3373; x_wconf 91' lang='lat' dir='ltr'><strong>BD</strong></span> <span class='ocrx_word' id='word_1_153' title='bbox 570 3305 752 3394; x_wconf 83' lang='lat' dir='ltr'><strong>glutinatur.</strong></span> <span class='ocrx_word' id='word_1_154' title='bbox 799 3304 943 3368; x_wconf 83' lang='lat' dir='ltr'><strong>Alterum</strong></span> <span class='ocrx_word' id='word_1_155' title='bbox 966 3305 1121 3391; x_wconf 91' lang='lat' dir='ltr'><strong>quadrum</strong></span> <span class='ocrx_word' id='word_1_156' title='bbox 1148 3306 1178 3370; x_wconf 86' lang='lat' dir='ltr'><strong>E</strong></span> <span class='ocrx_word' id='word_1_157' title='bbox 1201 3307 1228 3371; x_wconf 87' lang='lat' dir='ltr'><strong>F</strong></span> <span class='ocrx_word' id='word_1_158' title='bbox 1254 3304 1291 3370; x_wconf 93' lang='lat' dir='ltr'>H</span> <span class='ocrx_word' id='word_1_159' title='bbox 1308 3304 1342 3370; x_wconf 90' lang='lat' dir='ltr'>G</span> <span class='ocrx_word' id='word_1_160' title='bbox 1366 3307 1453 3391; x_wconf 90' lang='lat' dir='ltr'><strong>cujus</strong></span> <span class='ocrx_word' id='word_1_161' title='bbox 1478 3303 1645 3392; x_wconf 85' lang='lat' dir='ltr'><strong>longitudo</strong></span> 
     </span>
     <span class='ocr_line' id='line_1_17' title="bbox 353 3410 1645 3497; baseline -0.002 -19"><span class='ocrx_word' id='word_1_162' title='bbox 353 3413 383 3478; x_wconf 89' lang='lat' dir='ltr'><strong>E</strong></span> <span class='ocrx_word' id='word_1_163' title='bbox 399 3415 427 3479; x_wconf 89' lang='lat' dir='ltr'>F</span> <span class='ocrx_word' id='word_1_164' title='bbox 448 3435 513 3477; x_wconf 92' lang='lat' dir='ltr'><strong>non</strong></span> <span class='ocrx_word' id='word_1_165' title='bbox 536 3423 663 3497; x_wconf 89' lang='lat' dir='ltr'><strong>superat</strong></span> <span class='ocrx_word' id='word_1_166' title='bbox 684 3433 782 3474; x_wconf 91' lang='lat' dir='ltr'><strong>unum</strong></span> <span class='ocrx_word' id='word_1_167' title='bbox 803 3410 949 3495; x_wconf 86' lang='lat' dir='ltr'><strong>pollicem</strong></span> <span class='ocrx_word' id='word_1_168' title='bbox 969 3434 1042 3475; x_wconf 88' lang='lat' dir='ltr'><strong>cum</strong></span> <span class='ocrx_word' id='word_1_169' title='bbox 1062 3412 1199 3490; x_wconf 81' lang='lat' dir='ltr'><strong>semisse,</strong></span> <span class='ocrx_word' id='word_1_170' title='bbox 1220 3414 1264 3476; x_wconf 88' lang='lat' dir='ltr'><strong>ita</strong></span> <span class='ocrx_word' id='word_1_171' title='bbox 1277 3412 1376 3497; x_wconf 89' lang='lat' dir='ltr'><strong>priori</strong></span> <span class='ocrx_word' id='word_1_172' title='bbox 1389 3410 1645 3475; x_wconf 85' lang='lat' dir='ltr'><strong>accommodatur</strong></span> 
     </span>
     <span class='ocr_line' id='line_1_18' title="bbox 352 3519 1645 3607; baseline 0.003 -25"><span class='ocrx_word' id='word_1_173' title='bbox 352 3531 387 3583; x_wconf 93' lang='lat' dir='ltr'><strong>ut</strong></span> <span class='ocrx_word' id='word_1_174' title='bbox 412 3521 479 3606; x_wconf 86' lang='lat' dir='ltr'><strong>ejus</strong></span> <span class='ocrx_word' id='word_1_175' title='bbox 505 3519 604 3583; x_wconf 90' lang='lat' dir='ltr'><strong>latera</strong></span> <span class='ocrx_word' id='word_1_176' title='bbox 627 3519 657 3584; x_wconf 88' lang='grc' dir='ltr'>Ε</span> <span class='ocrx_word' id='word_1_177' title='bbox 680 3520 718 3597; x_wconf 90' lang='lat' dir='ltr'><strong>F,</strong></span> <span class='ocrx_word' id='word_1_178' title='bbox 743 3520 777 3586; x_wconf 91' lang='lat' dir='ltr'>G</span> <span class='ocrx_word' id='word_1_179' title='bbox 792 3520 839 3599; x_wconf 92' lang='lat' dir='ltr'><strong>H,</strong></span> <span class='ocrx_word' id='word_1_180' title='bbox 860 3535 1046 3587; x_wconf 88' lang='lat' dir='ltr'><strong>moveantur</strong></span> <span class='ocrx_word' id='word_1_181' title='bbox 1068 3545 1164 3607; x_wconf 90' lang='lat' dir='ltr'><strong>super</strong></span> <span class='ocrx_word' id='word_1_182' title='bbox 1185 3523 1283 3586; x_wconf 90' lang='lat' dir='ltr'><strong>latera</strong></span> <span class='ocrx_word' id='word_1_183' title='bbox 1298 3523 1330 3585; x_wconf 80' lang='lat' dir='ltr'>A</span> <span class='ocrx_word' id='word_1_184' title='bbox 1345 3522 1391 3594; x_wconf 79' lang='lat' dir='ltr'><strong>D,</strong></span> <span class='ocrx_word' id='word_1_185' title='bbox 1409 3521 1437 3586; x_wconf 90' lang='lat' dir='ltr'>C</span> <span class='ocrx_word' id='word_1_186' title='bbox 1453 3520 1492 3599; x_wconf 90' lang='lat' dir='ltr'><strong>B,</strong></span> <span class='ocrx_word' id='word_1_187' title='bbox 1517 3520 1645 3586; x_wconf 83' lang='lat' dir='ltr'><strong>alterius</strong></span> 
     </span>
     <span class='ocr_line' id='line_1_19' title="bbox 351 3627 1645 3716; baseline 0.002 -25"><span class='ocrx_word' id='word_1_188' title='bbox 351 3627 463 3713; x_wconf 81' lang='lat' dir='ltr'><strong>quadri</strong></span> <span class='ocrx_word' id='word_1_189' title='bbox 480 3650 539 3692; x_wconf 92' lang='lat' dir='ltr'><strong>nec</strong></span> <span class='ocrx_word' id='word_1_190' title='bbox 554 3627 594 3691; x_wconf 90' lang='lat' dir='ltr'><strong>ab</strong></span> <span class='ocrx_word' id='word_1_191' title='bbox 608 3628 678 3713; x_wconf 87' lang='lat' dir='ltr'><strong>ipso</strong></span> <span class='ocrx_word' id='word_1_192' title='bbox 692 3641 886 3713; x_wconf 85' lang='lat' dir='ltr'><strong>separentur.</strong></span> <span class='ocrx_word' id='word_1_193' title='bbox 937 3630 1046 3695; x_wconf 89' lang='lat' dir='ltr'><strong>Facies</strong></span> <span class='ocrx_word' id='word_1_194' title='bbox 1056 3629 1150 3716; x_wconf 88' lang='lat' dir='ltr'><strong>hujus</strong></span> <span class='ocrx_word' id='word_1_195' title='bbox 1165 3629 1293 3694; x_wconf 90' lang='lat' dir='ltr'><strong>secundi</strong></span> <span class='ocrx_word' id='word_1_196' title='bbox 1304 3628 1414 3716; x_wconf 88' lang='lat' dir='ltr'><strong>quadri</strong></span> <span class='ocrx_word' id='word_1_197' title='bbox 1429 3650 1502 3714; x_wconf 86' lang='lat' dir='ltr'><strong>quae</strong></span> <span class='ocrx_word' id='word_1_198' title='bbox 1511 3627 1645 3693; x_wconf 86' lang='lat' dir='ltr'><strong>divisam</strong></span> 
     </span>
     <span class='ocr_line' id='line_1_20' title="bbox 353 3736 1644 3826; baseline 0.004 -29"><span class='ocrx_word' id='word_1_199' title='bbox 353 3736 463 3800; x_wconf 86' lang='lat' dir='ltr'><strong>faciem</strong></span> <span class='ocrx_word' id='word_1_200' title='bbox 486 3736 600 3820; x_wconf 90' lang='lat' dir='ltr'><strong>prioris</strong></span> <span class='ocrx_word' id='word_1_201' title='bbox 623 3736 759 3821; x_wconf 90' lang='lat' dir='ltr'><strong>respicit,</strong></span> <span class='ocrx_word' id='word_1_202' title='bbox 782 3736 838 3802; x_wconf 94' lang='lat' dir='ltr'><strong>filo</strong></span> <span class='ocrx_word' id='word_1_203' title='bbox 860 3738 953 3802; x_wconf 88' lang='lat' dir='ltr'><strong>etiam</strong></span> <span class='ocrx_word' id='word_1_204' title='bbox 976 3739 1075 3802; x_wconf 88' lang='lat' dir='ltr'><strong>serico</strong></span> <span class='ocrx_word' id='word_1_205' title='bbox 1099 3749 1131 3802; x_wconf 89' lang='lat' dir='ltr'><strong>et</strong></span> <span class='ocrx_word' id='word_1_206' title='bbox 1153 3750 1242 3802; x_wconf 79' lang='lat' dir='ltr'><strong>tenso</strong></span> <span class='ocrx_word' id='word_1_207' title='bbox 1261 3737 1284 3800; x_wconf 93' lang='lat' dir='ltr'>h</span> <span class='ocrx_word' id='word_1_208' title='bbox 1300 3738 1339 3816; x_wconf 88' lang='lat' dir='ltr'><strong>L,</strong></span> <span class='ocrx_word' id='word_1_209' title='bbox 1356 3737 1530 3816; x_wconf 84' lang='lat' dir='ltr'><strong>instmitur,</strong></span> <span class='ocrx_word' id='word_1_210' title='bbox 1546 3737 1644 3826; x_wconf 89' lang='lat' dir='ltr'><strong>quod,</strong></span> 
     </span>
     <span class='ocr_line' id='line_1_21' title="bbox 351 3841 1642 3933; baseline 0.003 -28"><span class='ocrx_word' id='word_1_211' title='bbox 351 3841 424 3907; x_wconf 82' lang='lat' dir='ltr'><strong>crim</strong></span> <span class='ocrx_word' id='word_1_212' title='bbox 449 3858 592 3909; x_wconf 90' lang='lat' dir='ltr'><strong>movetur</strong></span> <span class='ocrx_word' id='word_1_213' title='bbox 617 3844 772 3931; x_wconf 89' lang='lat' dir='ltr'><strong>quadrum</strong></span> <span class='ocrx_word' id='word_1_214' title='bbox 795 3845 911 3933; x_wconf 73' lang='lat' dir='ltr'><strong>ubique</strong></span> <span class='ocrx_word' id='word_1_215' title='bbox 937 3846 1051 3931; x_wconf 90' lang='lat' dir='ltr'><strong>prioris</strong></span> <span class='ocrx_word' id='word_1_216' title='bbox 1075 3845 1188 3932; x_wconf 87' lang='lat' dir='ltr'><strong>quadri</strong></span> <span class='ocrx_word' id='word_1_217' title='bbox 1214 3845 1274 3909; x_wconf 90' lang='lat' dir='ltr'><strong>filis</strong></span> <span class='ocrx_word' id='word_1_218' title='bbox 1299 3842 1482 3929; x_wconf 84' lang='lat' dir='ltr'><strong>parallelum</strong></span> <span class='ocrx_word' id='word_1_219' title='bbox 1506 3856 1642 3921; x_wconf 83' lang='lat' dir='ltr'><strong>maneat,</strong></span> 
     </span>
     <span class='ocr_line' id='line_1_22' title="bbox 351 3949 1645 4038; baseline 0.003 -26"><span class='ocrx_word' id='word_1_220' title='bbox 351 3972 450 4035; x_wconf 90' lang='lat' dir='ltr'><strong>eaque</strong></span> <span class='ocrx_word' id='word_1_221' title='bbox 475 3953 687 4036; x_wconf 83' lang='lat' dir='ltr'><strong>superlabitur</strong></span> <span class='ocrx_word' id='word_1_222' title='bbox 711 3974 806 4038; x_wconf 92' lang='lat' dir='ltr'><strong>quam</strong></span> <span class='ocrx_word' id='word_1_223' title='bbox 832 3952 986 4038; x_wconf 70' lang='lat' dir='ltr'><strong>proxime,</strong></span> <span class='ocrx_word' id='word_1_224' title='bbox 1013 3975 1073 4017; x_wconf 89' lang='lat' dir='ltr'><strong>nec</strong></span> <span class='ocrx_word' id='word_1_225' title='bbox 1099 3965 1205 4017; x_wconf 88' lang='lat' dir='ltr'><strong>tamen</strong></span> <span class='ocrx_word' id='word_1_226' title='bbox 1231 3953 1276 4016; x_wconf 88' lang='lat' dir='ltr'><strong>eis</strong></span> <span class='ocrx_word' id='word_1_227' title='bbox 1302 3951 1447 4015; x_wconf 79' lang='lat' dir='ltr'><strong>occurrit.</strong></span> <span class='ocrx_word' id='word_1_228' title='bbox 1503 3949 1645 4016; x_wconf 75' lang='lat' dir='ltr'><strong>cochlea</strong></span> 
     </span>
     <span class='ocr_line' id='line_1_23' title="bbox 355 4059 1644 4150; baseline -0.001 -27"><span class='ocrx_word' id='word_1_229' title='bbox 355 4059 470 4124; x_wconf 77' lang='lat' dir='ltr'><strong>deinde</strong></span> <span class='ocrx_word' id='word_1_230' title='bbox 487 4061 524 4124; x_wconf 93' lang='lat' dir='ltr'>M</span> <span class='ocrx_word' id='word_1_231' title='bbox 541 4063 582 4140; x_wconf 92' lang='lat' dir='ltr'><strong>N,</strong></span> <span class='ocrx_word' id='word_1_232' title='bbox 605 4063 695 4127; x_wconf 86' lang='lat' dir='ltr'><strong>lateri</strong></span> <span class='ocrx_word' id='word_1_233' title='bbox 711 4061 740 4126; x_wconf 91' lang='lat' dir='ltr'>B</span> <span class='ocrx_word' id='word_1_234' title='bbox 755 4062 800 4139; x_wconf 91' lang='lat' dir='ltr'><strong>D,</strong></span> <span class='ocrx_word' id='word_1_235' title='bbox 816 4061 967 4148; x_wconf 87' lang='lat' dir='ltr'><strong>longioris</strong></span> <span class='ocrx_word' id='word_1_236' title='bbox 984 4063 1096 4148; x_wconf 92' lang='lat' dir='ltr'><strong>quadri</strong></span> <span class='ocrx_word' id='word_1_237' title='bbox 1112 4062 1258 4150; x_wconf 90' lang='lat' dir='ltr'><strong>affigitur,</strong></span> <span class='ocrx_word' id='word_1_238' title='bbox 1276 4062 1363 4146; x_wconf 91' lang='lat' dir='ltr'><strong>cujus</strong></span> <span class='ocrx_word' id='word_1_239' title='bbox 1378 4059 1520 4123; x_wconf 82' lang='lat' dir='ltr'><strong>strictum</strong></span> <span class='ocrx_word' id='word_1_240' title='bbox 1535 4080 1644 4144; x_wconf 87' lang='lat' dir='ltr'><strong>recep·</strong></span> 
     </span>
     <span class='ocr_line' id='line_1_24' title="bbox 352 4167 1643 4238; baseline 0.005 -6"><span class='ocrx_word' id='word_1_241' title='bbox 352 4167 491 4232; x_wconf 90' lang='lat' dir='ltr'><strong>taculum</strong></span> <span class='ocrx_word' id='word_1_242' title='bbox 509 4168 599 4235; x_wconf 89' lang='lat' dir='ltr'><strong>lateri</strong></span> <span class='ocrx_word' id='word_1_243' title='bbox 623 4170 704 4237; x_wconf 89' lang='lat' dir='ltr'><strong>FH</strong></span> <span class='ocrx_word' id='word_1_244' title='bbox 725 4171 851 4235; x_wconf 85' lang='lat' dir='ltr'><strong>alterius</strong></span> <span class='ocrx_word' id='word_1_245' title='bbox 872 4169 1013 4235; x_wconf 71' lang='lat' dir='ltr'><strong>adhaeret</strong></span> <span class='ocrx_word' id='word_1_246' title='bbox 1035 4172 1117 4236; x_wconf 91' lang='lat' dir='ltr'><strong>etin</strong></span> <span class='ocrx_word' id='word_1_247' title='bbox 1140 4172 1291 4235; x_wconf 87' lang='lat' dir='ltr'><strong>foramine</strong></span> <span class='ocrx_word' id='word_1_248' title='bbox 1306 4169 1442 4234; x_wconf 91' lang='lat' dir='ltr'><strong>rotundo</strong></span> <span class='ocrx_word' id='word_1_249' title='bbox 1457 4168 1643 4238; x_wconf 79' lang='lat' dir='ltr'><strong>circumvol-</strong></span> 
     </span>
     <span class='ocr_line' id='line_1_25' title="bbox 353 4277 1644 4368; baseline 0.007 -29"><span class='ocrx_word' id='word_1_250' title='bbox 353 4277 443 4340; x_wconf 89' lang='lat' dir='ltr'><strong>vitur.</strong></span> <span class='ocrx_word' id='word_1_251' title='bbox 489 4277 626 4344; x_wconf 86' lang='lat' dir='ltr'><strong>Cochlea</strong></span> <span class='ocrx_word' id='word_1_252' title='bbox 647 4282 774 4366; x_wconf 81' lang='lat' dir='ltr'><strong>ejusque</strong></span> <span class='ocrx_word' id='word_1_253' title='bbox 788 4280 1020 4363; x_wconf 86' lang='lat' dir='ltr'><strong>receptaculum</strong></span> <span class='ocrx_word' id='word_1_254' title='bbox 1035 4281 1182 4368; x_wconf 88' lang='lat' dir='ltr'><strong>auriculis</strong></span> <span class='ocrx_word' id='word_1_255' title='bbox 1199 4282 1232 4358; x_wconf 91' lang='lat' dir='ltr'><strong>S,</strong></span> <span class='ocrx_word' id='word_1_256' title='bbox 1252 4282 1285 4360; x_wconf 91' lang='lat' dir='ltr'><strong>S,</strong></span> <span class='ocrx_word' id='word_1_257' title='bbox 1300 4280 1486 4345; x_wconf 90' lang='lat' dir='ltr'><strong>instructum</strong></span> <span class='ocrx_word' id='word_1_258' title='bbox 1500 4279 1546 4344; x_wconf 80' lang='lat' dir='ltr'><strong>iot</strong></span> <span class='ocrx_word' id='word_1_259' title='bbox 1560 4282 1644 4348; x_wconf 67' lang='lat' dir='ltr'><strong>inta</strong></span> 
     </span>
     <span class='ocr_line' id='line_1_26' title="bbox 351 4385 1643 4474; baseline 0.003 -24"><span class='ocrx_word' id='word_1_260' title='bbox 351 4408 385 4450; x_wconf 84' lang='lat' dir='ltr'><strong>se</strong></span> <span class='ocrx_word' id='word_1_261' title='bbox 404 4385 505 4470; x_wconf 85' lang='lat' dir='ltr'><strong>aptari</strong></span> <span class='ocrx_word' id='word_1_262' title='bbox 527 4385 642 4452; x_wconf 87' lang='lat' dir='ltr'><strong>debent</strong></span> <span class='ocrx_word' id='word_1_263' title='bbox 657 4403 692 4452; x_wconf 90' lang='lat' dir='ltr'><strong>ut</strong></span> <span class='ocrx_word' id='word_1_264' title='bbox 707 4388 937 4471; x_wconf 85' lang='lat' dir='ltr'><strong>receptaculum</strong></span> <span class='ocrx_word' id='word_1_265' title='bbox 952 4401 984 4451; x_wconf 88' lang='lat' dir='ltr'><strong>et</strong></span> <span class='ocrx_word' id='word_1_266' title='bbox 999 4387 1154 4474; x_wconf 91' lang='lat' dir='ltr'><strong>quadrum</strong></span> <span class='ocrx_word' id='word_1_267' title='bbox 1170 4388 1200 4452; x_wconf 86' lang='lat' dir='ltr'>E</span> <span class='ocrx_word' id='word_1_268' title='bbox 1217 4388 1264 4466; x_wconf 95' lang='lat' dir='ltr'><strong>H,</strong></span> <span class='ocrx_word' id='word_1_269' title='bbox 1280 4410 1321 4451; x_wconf 89' lang='lat' dir='ltr'><strong>ne</strong></span> <span class='ocrx_word' id='word_1_270' title='bbox 1335 4385 1500 4451; x_wconf 82' lang='lat' dir='ltr'><strong>minimrlm</strong></span> <span class='ocrx_word' id='word_1_271' title='bbox 1514 4389 1643 4474; x_wconf 88' lang='lat' dir='ltr'><strong>quidem</strong></span> 
     </span>
     <span class='ocr_line' id='line_1_27' title="bbox 351 4494 1642 4582; baseline 0.007 -25"><span class='ocrx_word' id='word_1_272' title='bbox 351 4494 469 4557; x_wconf 90' lang='lat' dir='ltr'><strong>moveri</strong></span> <span class='ocrx_word' id='word_1_273' title='bbox 483 4495 591 4578; x_wconf 89' lang='lat' dir='ltr'><strong>possit,</strong></span> <span class='ocrx_word' id='word_1_274' title='bbox 608 4496 667 4560; x_wconf 88' lang='lat' dir='ltr'><strong>nisi</strong></span> <span class='ocrx_word' id='word_1_275' title='bbox 688 4497 875 4582; x_wconf 86' lang='lat' dir='ltr'><strong>receptaculi</strong></span> <span class='ocrx_word' id='word_1_276' title='bbox 897 4510 985 4562; x_wconf 91' lang='lat' dir='ltr'><strong>motu</strong></span> <span class='ocrx_word' id='word_1_277' title='bbox 1007 4498 1229 4563; x_wconf 87' lang='lat' dir='ltr'><strong>conversionis.</strong></span> <span class='ocrx_word' id='word_1_278' title='bbox 1274 4497 1441 4575; x_wconf 87' lang='lat' dir='ltr'><strong>Quadrum</strong></span> <span class='ocrx_word' id='word_1_279' title='bbox 1456 4498 1488 4564; x_wconf 81' lang='lat' dir='ltr'>A</span> <span class='ocrx_word' id='word_1_280' title='bbox 1505 4495 1535 4562; x_wconf 89' lang='lat' dir='ltr'>C</span> <span class='ocrx_word' id='word_1_281' title='bbox 1554 4494 1642 4577; x_wconf 88' lang='lat' dir='ltr'><strong>BD,</strong></span> 
     </span>
     <span class='ocr_line' id='line_1_28' title="bbox 352 4602 1644 4695; baseline 0.006 -29"><span class='ocrx_word' id='word_1_282' title='bbox 352 4602 511 4687; x_wconf 88' lang='lat' dir='ltr'><strong>telesoopii</strong></span> <span class='ocrx_word' id='word_1_283' title='bbox 533 4603 666 4687; x_wconf 87' lang='lat' dir='ltr'><strong>cujusvis</strong></span> <span class='ocrx_word' id='word_1_284' title='bbox 687 4605 893 4695; x_wconf 88' lang='lat' dir='ltr'><strong>longitudinis</strong></span> <span class='ocrx_word' id='word_1_285' title='bbox 913 4607 990 4671; x_wconf 93' lang='lat' dir='ltr'><strong>tubo</strong></span> <span class='ocrx_word' id='word_1_286' title='bbox 1011 4608 1044 4670; x_wconf 91' lang='lat' dir='ltr'><strong>in</strong></span> <span class='ocrx_word' id='word_1_287' title='bbox 1059 4607 1205 4673; x_wconf 71' lang='lat' dir='ltr'><strong>distantia</strong></span> <span class='ocrx_word' id='word_1_288' title='bbox 1230 4608 1292 4674; x_wconf 83' lang='lat' dir='ltr'><strong>foci</strong></span> <span class='ocrx_word' id='word_1_289' title='bbox 1311 4609 1472 4695; x_wconf 84' lang='lat' dir='ltr'><strong>objectivae</strong></span> <span class='ocrx_word' id='word_1_290' title='bbox 1490 4607 1585 4674; x_wconf 88' lang='lat' dir='ltr'><strong>lentis</strong></span> <span class='ocrx_word' id='word_1_291' title='bbox 1599 4606 1644 4674; x_wconf 65' lang='lat' dir='ltr'><strong>iti</strong></span> 
     </span>
     <span class='ocr_line' id='line_1_29' title="bbox 352 4711 1642 4805; baseline 0.007 -31"><span class='ocrx_word' id='word_1_292' title='bbox 352 4722 478 4794; x_wconf 87' lang='lat' dir='ltr'><strong>aptatur</strong></span> <span class='ocrx_word' id='word_1_293' title='bbox 499 4723 534 4775; x_wconf 90' lang='lat' dir='ltr'><strong>ut</strong></span> <span class='ocrx_word' id='word_1_294' title='bbox 557 4711 653 4795; x_wconf 90' lang='lat' dir='ltr'><strong>ipsius</strong></span> <span class='ocrx_word' id='word_1_295' title='bbox 675 4715 785 4800; x_wconf 92' lang='lat' dir='ltr'><strong>quadri</strong></span> <span class='ocrx_word' id='word_1_296' title='bbox 807 4718 939 4801; x_wconf 88' lang='lat' dir='ltr'><strong>planum</strong></span> <span class='ocrx_word' id='word_1_297' title='bbox 960 4716 1219 4802; x_wconf 88' lang='lat' dir='ltr'><strong>perpendiculare</strong></span> <span class='ocrx_word' id='word_1_298' title='bbox 1243 4720 1283 4783; x_wconf 90' lang='lat' dir='ltr'><strong>sit</strong></span> <span class='ocrx_word' id='word_1_299' title='bbox 1303 4720 1344 4784; x_wconf 93' lang='lat' dir='ltr'><strong>ad</strong></span> <span class='ocrx_word' id='word_1_300' title='bbox 1359 4720 1518 4805; x_wconf 88' lang='lat' dir='ltr'><strong>telescopii</strong></span> <span class='ocrx_word' id='word_1_301' title='bbox 1539 4740 1642 4785; x_wconf 80' lang='lat' dir='ltr'><strong>axem.</strong></span> 
     </span>
     <span class='ocr_line' id='line_1_30' title="bbox 357 4819 1643 4914; baseline 0.005 -28"><span class='ocrx_word' id='word_1_302' title='bbox 357 4821 420 4886; x_wconf 89' lang='lat' dir='ltr'><strong>His</strong></span> <span class='ocrx_word' id='word_1_303' title='bbox 436 4819 479 4886; x_wconf 81' lang='lat' dir='ltr'><strong>inl</strong></span> <span class='ocrx_word' id='word_1_304' title='bbox 493 4823 678 4902; x_wconf 87' lang='lat' dir='ltr'><strong>constitutis,</strong></span> <span class='ocrx_word' id='word_1_305' title='bbox 698 4824 900 4910; x_wconf 88' lang='lat' dir='ltr'><strong>telescopium</strong></span> <span class='ocrx_word' id='word_1_306' title='bbox 915 4829 946 4891; x_wconf 93' lang='lat' dir='ltr'><strong>in</strong></span> <span class='ocrx_word' id='word_1_307' title='bbox 963 4827 1076 4892; x_wconf 90' lang='lat' dir='ltr'><strong>coelum</strong></span> <span class='ocrx_word' id='word_1_308' title='bbox 1092 4841 1291 4893; x_wconf 88' lang='lat' dir='ltr'><strong>convertatur</strong></span> <span class='ocrx_word' id='word_1_309' title='bbox 1305 4844 1337 4895; x_wconf 86' lang='lat' dir='ltr'><strong>et</strong></span> <span class='ocrx_word' id='word_1_310' title='bbox 1351 4827 1394 4892; x_wconf 74' lang='lat' dir='ltr'><strong>ital</strong></span> <span class='ocrx_word' id='word_1_311' title='bbox 1408 4828 1593 4914; x_wconf 81' lang='lat' dir='ltr'><strong>disponatur</strong></span> <span class='ocrx_word' id='word_1_312' title='bbox 1609 4842 1643 4893; x_wconf 82' lang='lat' dir='ltr'><strong>ut</strong></span> 
     </span>
    </p>
   </div>
   <div class='ocr_carea' id='block_1_4' title="bbox 0 0 1670 5692">
    <p class='ocr_par' dir='ltr' id='par_1_4' title="bbox 0 0 1670 5692">
     <span class='ocr_line' id='line_1_31' title="bbox 0 0 1670 5692; baseline 0 0"><span class='ocrx_word' id='word_1_313' title='bbox 0 0 1670 5692; x_wconf 95' lang='lat' dir='ltr'><strong> </strong></span> 
     </span>
    </p>
   </div>
  </div>
 </body>
</html>
