3330 5692
64 595 182 660 Lmen
192 593 376 689 Taurios]
415 595 658 662 PRINCIPIA
683 592 1057 661 MATHEMATICA.
1317 603 1359 660 29

64 766 194 854 pondus
221 767 325 832 Irunae
346 768 442 831 totius
463 769 498 830 in
519 768 629 852 majori
652 768 702 831 vel
723 769 837 831 minori
857 768 997 831 ratione:
1021 777 1130 830 eontra
1152 790 1244 854 quarn
1267 790 1362 852 supra

66 890 233 941 ostensum
247 888 304 941 est.

111 986 215 1050 corot
237 990 266 1048 1.
298 983 388 1047 Hinc
408 982 551 1068 pondera
572 1007 741 1070 corporum
762 1007 827 1048 non
847 985 987 1070 pendent
1008 985 1048 1049 ab
1070 1007 1179 1049 eorum
1201 983 1308 1049 formis
1329 996 1362 1049 et

65 1093 213 1156 texturis.
260 1091 386 1156 Namsi
408 1114 481 1156 oum
502 1091 610 1156 formis
625 1093 739 1157 variari
759 1108 896 1178 possent,
912 1092 1015 1155 forent
1028 1093 1147 1177 majora
1161 1091 1211 1154 vel
1228 1092 1360 1169 minora,

67 1225 129 1291 pro
140 1202 295 1267 varietate
309 1200 491 1280 formarum,
507 1204 542 1266 in
555 1205 670 1289 oequaii
685 1204 831 1268 materiai:
848 1204 977 1268 omnino
991 1216 1101 1267 contra
1114 1205 1346 1288 experientiam.

110 1311 213 1376 Corol-
238 1317 269 1373 2.
302 1308 447 1394 Corpora
467 1309 622 1389 universa,
646 1332 716 1396 quae
739 1311 821 1374 circa
843 1310 976 1374 Tenem
1000 1320 1083 1385 sunt,
1105 1310 1213 1396 gravia
1234 1308 1361 1373 suntin

68 1417 227 1494 Terram
257 1429 290 1481 et
315 1417 458 1502 pondere
479 1419 629 1496 omniurn,
661 1441 731 1504 quae
753 1417 913 1504 aequaliter
933 1440 952 1480 a
973 1427 1080 1480 centro
1102 1416 1213 1480 Terrae
1234 1416 1361 1495 distant,

67 1538 143 1590 aunt
167 1536 205 1589 ut
228 1525 417 1612 quantitates
441 1527 581 1590 materiae
606 1526 640 1589 in
664 1526 783 1590 iisdem.
830 1525 914 1590 Haeo
939 1537 986 1589 est
1010 1524 1142 1611 qualitas
1167 1525 1307 1587 omnium
1328 1525 1362 1588 in

65 1639 184 1725 quibus
206 1638 424 1724 experimenta
445 1638 607 1702 instituere
628 1637 710 1715 lioet,
737 1650 769 1701 et
790 1648 958 1722 propterea
980 1657 1038 1720 per
1065 1634 1146 1721 Reg.
1171 1644 1200 1699 8.
1227 1633 1267 1697 de
1292 1633 1362 1697 uni·

65 1747 168 1811 versis
189 1745 374 1810 affirmanda
395 1756 452 1809 est.
499 1744 534 1810 Si
555 1746 654 1809 aether
673 1757 728 1809 aut
747 1764 860 1828 corpus
875 1741 960 1806 aliud
975 1742 1182 1829 quodcunque
1197 1741 1246 1804 vel
1260 1742 1362 1828 gravi-

68 1870 137 1921 tate
151 1857 278 1921 omnino
293 1855 524 1934 destitueretur,
548 1857 597 1920 vel
617 1879 677 1941 pro
691 1858 862 1943 quantitate
876 1856 1016 1920 ntateriae
1030 1877 1096 1918 suae
1110 1854 1212 1917 minus
1228 1854 1363 1942 gravita-

69 1981 141 2031 ret:
164 1969 308 2054 quoniam
322 1968 357 2044 id
372 1973 426 2053 (ex
440 1981 545 2033 mente
560 1968 748 2046 Aristotelis,
767 1968 899 2034 Cartesii
913 1980 945 2033 et
958 1967 1104 2047 aliorum)
1123 1988 1187 2029 non
1202 1966 1308 2030 differt
1322 1967 1363 2030 ab

67 2074 142 2138 aliis
156 2076 338 2160 corporibus
353 2075 414 2139 nisi
429 2076 462 2139 in
476 2074 575 2139 formai
591 2077 739 2153 materiae,
755 2089 861 2160 posset
875 2075 957 2139 idem
972 2097 1030 2159 per
1040 2073 1243 2137 mutationem
1254 2072 1363 2137 formae

65 2181 229 2270 gradatim
251 2183 454 2247 transmutari
476 2183 509 2244 in
531 2204 644 2266 corpus
666 2183 805 2269 ejusdem
826 2182 1012 2247 conditionis
1035 2202 1107 2244 eum
1131 2181 1180 2257 iis,
1213 2203 1284 2267 quae
1304 2201 1364 2265 pro

69 2290 247 2377 quantitate
268 2291 408 2354 materiae
429 2312 524 2376 quam
546 2290 681 2355 maxime
696 2292 861 2379 muriunt,
884 2303 916 2354 et
931 2290 1065 2354 vicissim
1081 2311 1214 2374 oorpora
1227 2288 1364 2352 maximi

63 2400 191 2487 grevia,
214 2398 350 2462 formam
371 2399 455 2463 illius
475 2400 631 2487 gradatim
653 2400 822 2478 induendo,
844 2413 971 2484 possent
991 2389 1174 2487 gravitatem
1190 2421 1278 2463 suam
1292 2421 1364 2486 gra-

64 2509 168 2575 datim
182 2510 336 2574 amittere.
382 2511 431 2573 Ac
444 2510 581 2595 proinde
593 2513 735 2596 pondera
748 2512 921 2598 penderent
935 2536 955 2575 a
968 2510 1075 2576 formis
1090 2533 1267 2596 corporum,
1290 2533 1365 2596 pos·

65 2633 202 2706 sentque
227 2640 300 2682 cum
326 2617 435 2682 formis
458 2620 582 2698 variari,
610 2633 720 2686 contra
745 2645 837 2710 quam
863 2622 1029 2707 probatum
1055 2633 1101 2686 est
1128 2621 1161 2684 in
1189 2622 1365 2686 Corollario

65 2728 244 2812 superiore.

112 2839 217 2902 corel.
233 2846 264 2902 3.
289 2836 398 2923 Spatia
412 2838 517 2901 omnia
531 2861 597 2902 non
612 2851 686 2905 sunt
699 2840 860 2925 oequaliter
874 2839 975 2924 plena.
1014 2838 1098 2904 Nam
1109 2840 1135 2903 si
1150 2841 1249 2925 spatia
1259 2841 1365 2905 omnia

64 2944 232 3032 aequaiiter
245 2943 340 3028 plena
353 2956 466 3022 essent,
482 2946 617 3032 gravitas
633 2947 780 3031 specifica
793 2945 881 3009 fluidi
896 2967 959 3032 quo
974 2945 1061 3032 regio
1072 2947 1154 3010 airis
1169 2947 1361 3032 impleretur,

65 3055 110 3118 ob
133 3073 291 3116 summam
313 3050 499 3115 densitatem
521 3053 669 3129 materioe,
693 3052 737 3115 nil
761 3052 884 3116 cederet
904 3050 1049 3139 gravitati
1068 3053 1222 3137 specificae
1244 3056 1365 3143 argenti

66 3161 143 3240 vivi,
158 3160 211 3225 vel
232 3159 312 3238 auri,
335 3159 386 3224 vel
408 3163 550 3244 corporis
565 3161 692 3224 alterius
708 3162 918 3246 cujuscunque
933 3158 1126 3236 densissimi;
1148 3174 1180 3224 et
1200 3175 1366 3247 propterea

70 3291 132 3335 nec
153 3290 267 3332 aurum
288 3291 391 3356 neque
413 3270 498 3335 aliud
522 3271 733 3358 quodcunque
755 3292 868 3355 corpus
889 3270 922 3333 in
944 3273 1016 3333 aere
1039 3269 1227 3334 descendere
1250 3285 1365 3355 posset.

69 3376 157 3443 Nem
171 3398 307 3462 oorpora
327 3377 361 3439 in
380 3377 496 3454 fluidis,
519 3378 579 3441 nisi
601 3377 745 3463 specifice
766 3377 910 3464 graviora
925 3377 995 3453 sint,
1018 3375 1146 3440 minime
1162 3377 1363 3443 descendunt.

68 3486 170 3564 Quod
189 3486 218 3551 si
239 3487 397 3574 quantitas
412 3489 553 3552 materiae
574 3489 607 3552 in
623 3491 724 3574 spatio
739 3489 813 3553 dato
826 3511 883 3573 per
897 3487 1132 3554 rarefactionem
1148 3512 1366 3576 quamcunque

66 3593 204 3659 diminui
217 3595 328 3680 possit,
345 3594 455 3682 quidni
470 3595 602 3660 diminui
617 3599 716 3682 possit
729 3599 762 3661 in
777 3597 957 3672 infinitum?

111 3704 216 3769 vorot.
231 3711 263 3766 4.
290 3702 326 3768 Si
346 3725 455 3768 omnes
478 3705 619 3767 omniurn
642 3726 809 3789 corporum
831 3705 993 3789 particulae
1014 3705 1123 3770 solidae
1144 3707 1207 3770 sint
1225 3707 1364 3792 ejusdem

66 3809 241 3889 densitatis,
258 3831 361 3896 neque
376 3812 444 3875 sine
458 3812 544 3895 poris
560 3812 700 3876 rarefieri
713 3814 843 3896 possint,
866 3813 902 3897 (¹)
918 3836 1050 3878 vacuum
1067 3813 1168 3877 datur.
1214 3813 1364 3900 Ejusdem

67 3916 230 3982 densitatis
245 3940 314 3982 esse
328 3917 410 3998 dico,
427 3920 465 4004 (⁸)
482 3942 615 4005 quarum
629 3921 710 3985 vires
725 3921 845 3985 inertiae
860 3935 933 3986 sunt
947 3934 982 3986 ut
995 3922 1234 4009 magnitudines.

112 4027 215 4090 comt.
231 4033 263 4090 5.
286 4024 326 4109 (ὓ)
343 4024 401 4090 Via
423 4027 584 4115 gravitatis
606 4027 721 4092 diversi
742 4040 790 4091 est
810 4028 933 4116 generis
955 4052 974 4093 a
996 4029 1026 4091 vi
1047 4029 1231 4116 magnetici.
1280 4031 1364 4097 Nam

69 4139 213 4203 attractio
232 4139 410 4226 magnetioa
429 4160 495 4203 non
516 4152 564 4204 est
578 4152 613 4202 ut
635 4141 765 4204 materia
787 4152 928 4205 attracta.
974 4139 1117 4224 Corpora
1139 4141 1242 4227 aliqua
1261 4146 1361 4233 magis

100 4322 139 4389 (¹)
152 4328 167 4355 ⁰
183 4327 292 4376 rmum
302 4326 382 4372 duer-
410 4324 505 4383 Quibus
514 4322 703 4386 responsionibus
735 4325 926 4373 Muschenbroek
951 4322 977 4369 in
1000 4323 1170 4372 Diuertatioae
1190 4324 1220 4374 de
1247 4327 1364 4392 Magnete

71 4387 114 4437 he
129 4388 244 4437 Ruteni
263 4387 413 4436 moenum
431 4388 546 4453 effugiant
564 4388 701 4446 emacient.
734 4389 835 4450 plurima
850 4400 919 4451 etque
930 4388 1106 4436 >amantissima
1121 4388 1151 4436 de
1166 4391 1263 4453 hujusce
1280 4394 1364 4453 lapidis

69 4452 116 4514 ’μ
125 4452 233 4502 diximus
247 4452 316 4519 (uu
331 4452 368 4500 11.
382 4468 450 4501 num·
464 4454 529 4516 187).
734 4455 826 4502 actione
836 4455 907 4501 refert
916 4452 1083 4512 experimenta.
1108 4452 1146 4501 Ex
1158 4455 1273 4516 descripti
1282 4474 1297 4505 a
1308 4457 1361 4504 diii-

100 4514 164 4582 (Ψ
178 4520 290 4572 Omnes
300 4519 359 4566 aare
375 4519 472 4567 mutia·
508 4517 572 4566 Cdm
588 4517 652 4565 enim
669 4517 704 4565 via
735 4519 871 4581 gentiesimo
892 4517 942 4563 viro
966 4517 1178 4577 experimentorum
1200 4522 1259 4568 serie
1285 4523 1363 4581 palam

73 4580 160 4630 bae·
176 4583 208 4630 sit
222 4581 349 4647 munerati
364 4582 468 4630 materias
483 4582 667 4645 proportionis,
684 4583 704 4630 ei
735 4582 831 4644 quidem
846 4581 873 4629 fit
889 4579 1000 4643 equalem
1017 4595 1065 4628 non
1077 4597 1126 4630 ease
1136 4584 1251 4645 magnetis
1265 4585 1289 4631 in
1301 4587 1364 4633 varia

73 4645 521 4710 munau-santumgaiaudiaea,
529 4646 705 4711 magnitudines
736 4661 832 4706 corpora
839 4646 962 4699 monem,
971 4660 1069 4708 eamque
1077 4656 1239 4708 tenpestatum
1249 4649 1364 4697 vicissitu-

74 4711 319 4827 'gaqemum
333 4711 445 4770 merie,
462 4712 560 4770 beent,
576 4711 704 4773 euntejus·
737 4710 831 4824 {pibus
840 4709 1180 4824 ὡωᾝκώὸῐὲωἰιᾱ
1187 4710 1363 4825 moptgintendi

792 4789 839 4823 vim
859 4789 883 4820 m
1032 4789 1057 4821 ur
1077 4791 1103 4824 re
1120 4791 1165 4824 one
1182 4791 1223 4825 mu
1278 4792 1362 4825 minori

103 4840 137 4905 θ)
148 4846 162 4873 ·
176 4842 586 4905 flammantem
611 4839 705 4891 Clariae.
735 4837 807 4903 quim
823 4789 937 4896 anatic'id
953 4837 1114 4889 mearum
1126 4840 1264 4900 dauwe,
1280 4841 1362 4889 ndens

108 4929 167 4991 Vqr.
198 4929 236 4979 11.
721 4927 745 4975 E
