3330 5692
342 505 531 573 FLUXUS
556 508 617 571 AC
643 507 896 574 REFLUXUS
920 508 1076 576 MARIS.
1286 518 1346 574 888

65 676 171 755 edam,
186 688 317 765 utaque
331 678 393 742 alio
408 680 440 742 in
456 679 525 743 loco
540 690 662 744 tantum
675 681 822 758 elevetur,
838 682 932 766 inque
942 682 1004 745 alio
1015 694 1133 745 tanturn
1146 681 1346 767 deprimatur,

70 796 222 871 quantum
242 786 342 863 fieret,
366 786 393 850 si
413 786 471 850 iste
491 798 607 850 tractus
628 787 756 850 omnino
778 809 842 852 non
856 803 937 851 esset
951 789 1140 852 tenuinatus.
1186 791 1269 852 Atsi
1291 790 1348 853 iste

66 904 188 955 tructus
206 904 271 956 tum
292 891 387 956 fuerit
407 913 521 976 parvus
535 906 571 956 ut
585 893 715 980 singulae
736 908 840 978 partes
854 894 1025 980 aequalibus
1040 892 1104 958 fere
1118 895 1234 958 viribus
1256 895 1348 959 simul

64 1001 117 1064 vel
142 1000 322 1067 attollantur
345 1003 396 1066 rel
420 1003 645 1087 deprimantur,
669 1000 755 1066 nulla
784 1003 936 1067 sensibilis
962 1003 1092 1066 mutatio
1121 1004 1194 1066 oriri
1224 1005 1346 1088 poterit

64 1110 160 1193 Aqua
181 1110 263 1172 enim
286 1132 350 1173 uno
370 1110 404 1172 in
426 1109 496 1173 loco
518 1110 616 1173 attolli
637 1111 745 1195 nequit
766 1111 824 1172 nisi
845 1111 879 1172 in
900 1110 961 1173 alio
982 1109 1121 1174 subsidat
1134 1124 1166 1173 et
1181 1109 1298 1188 contra,
1321 1111 1348 1175 si

61 1214 191 1299 quidem
216 1215 326 1279 eadem
351 1237 440 1300 aquae
465 1216 555 1299 copia
579 1217 612 1278 in
636 1237 674 1278 eo
696 1228 797 1279 tractu
817 1213 969 1299 perpetuo
989 1229 1197 1278 conservetur.
1243 1219 1348 1302 Atque

61 1320 134 1382 haec
149 1322 291 1385 estratio
306 1334 341 1384 ut
354 1321 388 1383 in
404 1321 490 1384 Mari
507 1321 638 1397 Baltico,
656 1321 781 1404 Caspio,
800 1320 911 1406 Nigro,
934 1320 1063 1405 aliisque
1076 1320 1248 1384 minoribus
1263 1321 1348 1386 lacu·

60 1427 124 1490 bus
139 1428 243 1491 nullus
258 1428 386 1492 omnino
400 1440 494 1491 aestus
509 1426 768 1512 deprehendatur.

104 1542 130 1618 ᾗ.
149 1545 220 1601 119.
245 1534 342 1614 Quod
364 1537 390 1600 si
412 1552 515 1600 autern
537 1537 710 1602 istiusmodi
731 1537 826 1600 maris
841 1551 957 1602 tractus
972 1547 1093 1600 tanturn
1108 1536 1241 1619 spatium
1256 1559 1348 1600 occu·

59 1657 126 1729 pet,
144 1656 178 1708 ut
192 1645 273 1708 vires
288 1643 462 1708 attollentes
478 1657 509 1708 et
523 1643 732 1728 deprimentes
748 1645 780 1706 in
797 1643 1042 1708 extremitatibus
1058 1642 1246 1706 sensibiliter
1260 1642 1348 1708 diffe-

61 1765 145 1827 rant,
168 1764 236 1814 tum
258 1772 383 1814 necesse
406 1764 453 1815 est
474 1763 509 1814 ut
530 1773 595 1814 non
616 1753 717 1815 solum
737 1772 820 1836 aqua
840 1753 873 1813 in
888 1752 985 1815 altero
1001 1764 1142 1814 extremo
1157 1750 1294 1815 elevetur
1315 1753 1349 1815 in

60 1860 224 1946 alteroque
240 1860 441 1944 deprimatur,
459 1861 623 1925 sedetiam
639 1875 673 1926 ut
689 1861 862 1948 differentia
876 1863 957 1925 inter
971 1883 1060 1948 aquae
1076 1861 1253 1926 altitudines
1264 1876 1350 1926 tanta

60 1969 111 2044 sit,
129 1979 245 2053 quanta
258 1968 293 2030 in
306 1980 416 2051 aperto
430 1989 548 2031 oceano
563 1968 663 2031 eidem
678 1968 790 2030 virium
803 1968 986 2033 differentiae
998 1969 1175 2053 respondet.
1207 1969 1348 2044 Quamo-

58 2079 153 2142 brem
173 2077 298 2141 definiri
324 2079 497 2154 conveniet,
521 2091 636 2164 quanta
657 2078 689 2141 in
712 2077 840 2141 diversis
860 2079 970 2142 Terrae
992 2076 1067 2140 locis
1083 2078 1192 2142 eodem
1207 2091 1349 2162 tempore

59 2186 95 2249 in
109 2184 324 2248 altitudinibus
338 2207 428 2271 aquae
443 2208 462 2247 a
478 2185 592 2248 viribus
604 2184 706 2248 Luna
720 2207 757 2247 ac
774 2184 855 2249 Solis
877 2183 1008 2268 produci
1023 2198 1125 2269 queat
1171 2186 1222 2248 Ne
1243 2199 1348 2249 autem

59 2291 199 2356 calculus
221 2291 352 2355 nimium
374 2292 429 2354 fiat
451 2292 601 2375 prolixus,
626 2292 725 2355 solam
746 2290 846 2355 Lunae
861 2291 923 2352 vim
943 2291 976 2352 in
991 2304 1172 2374 computum
1187 2290 1345 2370 ducemuS,

59 2403 178 2490 quippe
193 2422 266 2488 quae
280 2402 344 2465 vim
361 2400 442 2465 Solis
456 2401 589 2464 multum
604 2401 745 2476 excedit3
772 2414 803 2463 et
818 2401 965 2484 quoniam
979 2398 1090 2462 effectu
1108 2397 1209 2462 Lubae
1224 2403 1349 2487 cognito

59 2512 154 2576 facile
168 2523 216 2576 est
231 2511 313 2576 Solis
328 2510 471 2575 effectum
486 2511 669 2574 aestimando
685 2512 733 2573 vel
749 2510 882 2594 adjicere
896 2509 946 2572 vel
960 2509 1090 2573 auferre.
1134 2510 1349 2595 Repraesentet

59 2644 140 2709 ergo
156 2622 184 2687 P
196 2621 225 2685 L
239 2621 284 2707 pl
299 2621 494 2705 superficiem
509 2621 620 2684 Terrae
636 2621 722 2705 cujus
736 2620 801 2704 poli

59 2734 124 2797 rint
146 2732 224 2798 Pet
245 2755 277 2817 p,
303 2746 396 2818 atque
422 2731 506 2797 Met
526 2731 558 2795 N
579 2731 640 2794 sint
655 2730 718 2794 duo
740 2743 801 2794 ter·

58 2841 138 2906 mini
163 2842 198 2905 in
223 2841 334 2906 eodem
359 2842 453 2905 maris
478 2852 579 2904 tractu
601 2840 737 2916 assumti,
768 2841 801 2901 in

58 2952 179 3041 quibus
191 2986 196 2993 ·
208 2966 359 3039 quantum
395 2951 489 3014 maris
525 2949 656 3013 altitudo
693 2950 801 3035 quovis
861 3003 891 3045 Β
982 2989 987 3003 ι

57 3074 203 3149 tempore
219 3060 352 3137 differat,
376 3061 416 3124 sit
433 3059 690 3147 investigandum.
738 3060 801 3122 Re-

59 3148 233 3259 praesentet
258 3193 354 3255 porro
381 3169 439 3233 Ll
463 3167 655 3252 parallelum,
683 3168 714 3230 in
740 3190 804 3253 quo

58 3276 157 3342 Luna
171 3284 332 3338 moveatur
345 3274 407 3337 hoc
423 3285 571 3357 tempore,
591 3274 696 3358 'sitque
711 3274 803 3336 Luna

57 3385 92 3448 in
120 3384 152 3448 L
159 3408 173 3462 3
206 3396 298 3468 atque
324 3381 478 3465 exprimet
503 3380 636 3466 angulus
664 3379 693 3441 L
717 3379 744 3444 P
766 3378 804 3444 M

57 3506 196 3575 tempus,
222 3489 308 3577 quod
333 3502 406 3573 post
430 3489 531 3551 Lunae
557 3488 722 3550 transitum
747 3509 804 3570 per

19 3646 23 3651 -
56 3597 270 3664 meridianum
283 3598 408 3662 termini
425 3595 464 3660 M
484 3609 530 3659 est
550 3595 798 3680 praeterlapsum,

54 3706 196 3795 angulus
217 3705 294 3769 verb
317 3704 346 3769 L
363 3704 390 3768 P
406 3703 439 3768 N
460 3714 581 3787 tempus
603 3696 674 3788 post
694 3705 805 3767 transi-

55 3814 129 3882 tum
150 3816 253 3881 Lunae
274 3837 332 3900 per
352 3815 558 3878 meridianum
580 3815 705 3877 alterius
728 3814 852 3877 termini
876 3815 917 3878 N.
962 3815 1078 3880 Ductis
1105 3830 1208 3880 autem
1226 3810 1348 3884 circulis

55 3922 206 3990 maximis
221 3922 250 3988 P
267 3924 306 3987 M
321 3935 353 3988 et
370 3923 397 3986 P
412 3924 455 3999 N,
472 3923 531 3986 erit
545 3945 635 3986 arcus
652 3923 680 3986 P
700 3923 739 3986 M
754 3924 1014 4007 complementum
1029 3923 1199 3987 latitudinis
1215 3922 1278 3985 loci
1299 3920 1348 3996 M,

55 4054 152 4097 arem
169 4031 245 4096 ΡΝ
260 4030 335 4095 verb
356 4031 418 4095 loci
443 4030 483 4107 N,
506 4030 639 4116 angulus
655 4029 729 4094 verb
746 4030 785 4095 M
801 4031 829 4094 P
846 4030 878 4094 N
892 4030 979 4094 dabit
993 4030 1199 4094 differentiam
1214 4028 1350 4115 longitu-

56 4141 142 4205 dinis
156 4138 299 4203 locorum
316 4136 355 4201 M
370 4150 402 4201 et
417 4136 468 4213 N;
491 4158 561 4222 quae
576 4136 708 4220 proinde
723 4138 827 4201 omnia
842 4151 1001 4221 ponuntur
1016 4137 1151 4224 cognita.

35 4234 39 4241 ’
100 4254 126 4331 ᾗ.
146 4256 219 4312 120.
243 4247 410 4312 Ducuntur
427 4249 493 4330 jam
516 4268 556 4310 ex
579 4246 648 4307 loco
671 4246 773 4309 Lunoe
795 4246 824 4311 L
847 4245 887 4308 ad
909 4246 1058 4309 terminos
1083 4244 1122 4308 M
1142 4256 1176 4307 et
1197 4240 1230 4305 N
1244 4242 1350 4305 circuli

62 4357 193 4422 maximi
211 4357 238 4421 L
256 4357 295 4421 M
310 4370 341 4421 et
357 4358 386 4420 L
400 4357 441 4432 N,
458 4354 713 4439 exhibebuntque
728 4355 779 4417 isti
795 4376 885 4418 arcus
901 4352 1128 4437 complementa
1141 4350 1348 4425 altitudinum,

64 4467 175 4553 quibus
192 4465 252 4529 hoc
267 4478 411 4550 ternpore
426 4465 519 4530 Luna
533 4464 565 4526 in
580 4463 656 4526 locis
673 4462 712 4526 M
728 4476 759 4526 et
775 4463 807 4526 N
825 4486 919 4547 supra
934 4462 1127 4526 horizontem
1144 4461 1262 4524 elevata
1276 4482 1350 4523 con-

66 4576 202 4661 tpicitur.
250 4573 390 4638 Ponatur
413 4573 503 4636 arctis
528 4571 600 4635 PL
623 4572 708 4634 sinus
736 4596 767 4629 =
794 4595 824 4657 q,
849 4572 971 4634 cosinus
999 4596 1031 4629 =
1060 4570 1103 4647 Q,
1130 4571 1189 4633 erit
1210 4569 1243 4646 Q
1266 4571 1350 4634 sinus

63 4683 279 4748 declinationis
300 4683 434 4746 borealis
458 4682 568 4758 Lunae,
593 4681 620 4745 si
642 4681 768 4767 quidem
790 4681 822 4756 Q
844 4681 957 4745 habeat
971 4680 1108 4745 valorem
1124 4680 1349 4757 affirmativum,

64 4814 98 4859 ac
121 4792 150 4856 P
171 4791 282 4876 polum
305 4790 463 4855 borealem
485 4791 620 4854 denotet.
666 4789 793 4854 Deinde
807 4804 943 4873 ponatur
957 4789 1048 4854 arcius
1064 4788 1091 4854 P
1107 4790 1147 4855 M
1162 4790 1246 4855 sinus
1268 4815 1298 4848 =
1319 4812 1348 4874 p,

96 4900 159 4948 Vor.
175 4897 205 4947 11
698 4897 745 4943 Aa

1064 3682 1081 3729 Ρ
