3330 5692
200 538 509 620 LraaaTnamus.]
541 535 781 603 PRINCIPIA
807 535 1177 602 MATHEMATICA.
1445 548 1482 605 91

198 712 428 778 antecedentia.
475 712 585 778 Motus
607 711 702 775 medii
724 711 879 774 nodorum
902 710 1068 774 satellitum
1084 711 1270 774 interiorum
1281 721 1353 774 sunt
1367 711 1408 774 ad
1422 734 1489 775 mo-

194 835 266 886 tum
290 821 394 907 hujus,
422 833 458 885 ut
480 821 606 884 illorum
626 832 770 905 tempora
791 820 952 905 periodica
973 821 1013 884 ad
1036 834 1161 906 tempus
1182 820 1377 904 periodicum
1395 821 1489 907 hujus

196 934 269 1012 (per
291 928 377 992 idem
404 927 626 1007 Corollarium)
651 927 780 991 atinde
805 927 930 993 dantur.
976 927 1086 991 Motus
1110 941 1216 991 autem
1238 927 1326 1015 augis
1349 927 1487 992 satellitis

194 1036 346 1121 cujusque
369 1035 403 1097 in
426 1035 647 1121 consequentia
669 1046 717 1098 est
738 1034 778 1097 ad
798 1048 919 1099 motum
934 1035 1090 1098 nodorum
1105 1036 1200 1120 ipsius
1215 1036 1248 1097 in
1262 1036 1486 1113 antecedentia,

194 1159 233 1209 ut
254 1160 360 1211 motus
386 1145 510 1233 apogaei
534 1145 636 1211 Lunae
660 1157 776 1208 nostrae
799 1145 840 1208 ad
865 1144 957 1230 hujus
977 1158 1100 1210 motum
1122 1144 1287 1222 nodorum,
1313 1147 1487 1229 (peridem

195 1254 319 1336 Corol.)
336 1266 370 1318 et
384 1254 459 1317 inde
473 1254 575 1318 datur.
620 1255 765 1319 Diminui
781 1267 886 1318 tamen
901 1253 995 1318 debet
1009 1266 1112 1317 motus
1127 1255 1215 1341 augis
1232 1255 1276 1317 sic
1295 1255 1438 1320 inventus
1453 1257 1487 1319 in

191 1366 315 1428 ratione
331 1373 350 1429 5
367 1362 408 1427 ad
424 1373 443 1428 9
459 1362 508 1426 vel
527 1372 540 1426 l
559 1363 599 1427 ad
615 1371 634 1426 2
650 1363 781 1441 circiter,
806 1363 842 1448 (⁰)
858 1363 899 1427 ob
914 1385 1040 1426 causam
1055 1385 1149 1448 quam
1169 1361 1221 1425 hio
1244 1385 1401 1447 exponere
1421 1386 1487 1427 nou

192 1484 291 1536 vacat.
338 1469 379 1554 (⁶)
394 1469 603 1555 AEquationes
617 1470 763 1533 maximae
778 1469 933 1534 nodorum
949 1481 979 1533 et
993 1472 1082 1558 augis
1103 1470 1241 1535 satellitis
1257 1473 1406 1557 cujusque
1421 1469 1486 1535 sere

191 1591 266 1645 sunt
294 1577 336 1642 ad
361 1577 553 1664 aquationes
577 1577 729 1641 maximas
755 1577 912 1640 nodorum
938 1588 970 1640 et
993 1577 1082 1663 augis
1109 1578 1210 1641 Lunae
1237 1577 1418 1661 respective,
1449 1591 1486 1644 ut

189 1701 296 1754 motus
311 1685 469 1751 nodorum
483 1699 516 1750 et
529 1686 616 1773 augis
631 1687 796 1750 satellitum
808 1699 949 1771 tempore
960 1686 1051 1749 unius
1063 1685 1262 1749 revolutionis
1273 1687 1484 1771 aequationum

189 1802 347 1887 priorum,
367 1800 409 1864 ad
425 1812 529 1864 motus
544 1801 700 1864 nodorum
715 1813 747 1862 et
763 1799 885 1886 apogaei
900 1797 1003 1862 Lunoe
1017 1811 1159 1882 tempore
1173 1798 1266 1860 unius
1281 1797 1483 1861 revolutionis

188 1907 403 1993 aequationum
423 1907 644 1992 posteriorum.
690 1906 729 1991 (‘)
753 1905 895 1969 Variatio
917 1905 1056 1969 satellitis
1078 1927 1097 1968 e
1117 1905 1196 1969 Jove
1216 1906 1355 1990 spectati,
1375 1907 1482 1971 estad

187 2014 393 2079 variationem
414 2015 528 2093 Luuae,
553 2028 588 2079 ut
610 2028 683 2079 sunt
705 2014 746 2077 ad
767 2015 901 2078 invicem
923 2015 981 2077 toti
994 2026 1098 2079 motus
1112 2013 1269 2079 nodorum
1288 2016 1480 2100 temporibus

188 2125 305 2212 quibus
326 2123 448 2213 satelles
471 2137 502 2188 et
525 2123 618 2188 Luna
639 2123 680 2187 ad
705 2123 809 2188 Solem
833 2121 1043 2199 revolvuntur,
1067 2145 1124 2207 per
1146 2122 1229 2186 idem
1250 2122 1479 2199 Corollarium3

185 2234 324 2320 idedque
337 2235 370 2296 in
385 2233 518 2297 satellite
533 2233 651 2296 extimo
666 2253 731 2295 non
747 2243 874 2316 superat
889 2233 937 2295 5''.
957 2232 1034 2294 lim.

182 2406 298 2454 nodorum
315 2405 422 2455 satellitis
437 2405 518 2454 extimi
534 2405 601 2455 Josis
611 2420 660 2452 essa
671 2414 761 2465 partem
771 2403 816 2451 cir·
847 2403 949 2464 prodibit
964 2412 1043 2450 motus
1058 2401 1174 2450 nodorum
1191 2401 1295 2450 satellitis
1304 2401 1426 2450 intervallo
1435 2417 1477 2448 sn·

182 2473 240 2518 citer
255 2477 310 2519 230.
324 2470 404 2518 motus
423 2470 540 2518 nodosum
559 2469 643 2525 Luna,
659 2469 699 2515 sad
715 2479 750 2515 est
765 2484 816 2514 mo-
848 2483 933 2514 norum
944 2478 1039 2514 contum
1051 2467 1088 2514 8⁰.
1103 2468 1147 2514 24¹.
1185 2468 1224 2514 Ab
1235 2467 1306 2529 hujus
1316 2466 1395 2513 saculi
1411 2467 1477 2512 initio

181 2548 220 2583 sus
229 2551 323 2582 monus
335 2534 452 2582 nodorum
461 2534 537 2581 Luna
551 2533 601 2583 19⁰.
613 2533 657 2580 91¹0
668 2532 729 2589 21⁰„
740 2543 766 2579 ut
777 2531 812 2579 di·
845 2532 938 2578 nullum
950 2535 975 2577 in
986 2531 1053 2578 nodis
1067 2531 1194 2578 satellitum
1206 2531 1329 2593 jovialium
1344 2531 1475 2577 sensibilem

185 2609 249 2647 cetur
259 2611 347 2660 postea.
385 2598 459 2646 Hisce
475 2599 494 2645 si
508 2597 676 2656 multiplicetur
686 2607 764 2643 motus
774 2595 814 2643 ille
845 2605 935 2642 motum
948 2596 1020 2642 fuisse
1032 2597 1178 2643 observatum
1189 2605 1286 2643 testatur
1297 2595 1382 2642 clariss.
1398 2593 1474 2643 Cassi·

183 2679 274 2711 anuum
291 2678 335 2726 pes
353 2668 401 2712 100
419 2661 553 2724 factumque
569 2661 685 2708 dividatur
701 2675 742 2721 per
758 2665 812 2717 230,
846 2675 892 2706 nus
902 2660 927 2706 iu
941 2659 1018 2706 Elem.
1032 2660 1096 2706 Astr.

223 3585 313 3650 0105.
333 3592 366 3641 ot
381 3608 479 3641 casnm
495 3609 567 3656 qaam
586 3595 622 3642 lic
635 3610 743 3656 exponere
760 3613 808 3644 non
840 3596 933 3656 gulares
943 3596 967 3642 in
979 3595 1078 3658 singulis
1088 3594 1271 3642 revolutionibus
1279 3595 1360 3658 geniti,
1370 3592 1469 3657 idebque

202 3652 253 3700 itta.
287 3655 384 3703 Κέω
396 3656 413 3703 S
426 3656 512 3713 Solem,
524 3658 599 3719 sitque
612 3657 633 3705 P
644 3657 741 3715 satelles,
752 3661 809 3720 putd
840 3659 976 3707 eommdem
992 3675 1093 3707 errorem
1110 3661 1262 3706 correctiones
1275 3675 1316 3706 seu
1328 3660 1469 3721 aquationes

203 3707 254 3763 luva
272 3718 390 3766 resolvens
411 3718 471 3768 circd
490 3721 606 3781 planetam
628 3723 764 3783 primarium
784 3725 807 3772 T
840 3724 1012 3771 masimasuut
1022 3735 1048 3771 ut
1059 3724 1184 3771 satellitum
1193 3734 1297 3783 tempora
1308 3723 1467 3783 periodicate-

202 3775 267 3850 'alian
282 3783 387 3841 Terram,
399 3783 424 3830 in
440 3785 547 3846 ellipseos
562 3786 674 3832 umbilico
689 3787 806 3848 positum3
840 3786 939 3848 spectivd
955 3791 1007 3853 (per
1025 3789 1078 3836 Cor.
1096 3793 1132 3836 16.
1152 3787 1221 3848 Prop.
1236 3787 1337 3834 val.
1352 3786 1405 3834 Lib.
1421 3787 1465 3848 l.)-

202 3849 232 3910 5²
241 3844 260 3891 B
270 3847 329 3906 apa's
339 3862 440 3905 masma,
459 3854 482 3895 Δ
494 3849 556 3910 apsis
565 3850 620 3906 ima,
635 3851 724 3914 eritque
741 3852 763 3899 T
777 3853 806 3909 B,
841 3852 887 3899 Sed
903 3862 1008 3912 tempora
1018 3853 1134 3912 periodioa
1145 3863 1200 3899 sunt
1212 3863 1238 3898 ut
1248 3859 1326 3896 motus
1335 3850 1379 3910 ipsi
1391 3866 1466 3914 angu-

201 3898 288 3957 ima-
307 3912 412 3959 murm·
431 3922 456 3961 ιι
479 3914 501 3960 A
525 3915 548 3962 r
569 3912 677 3961 ursana
701 3916 805 3963 mentm..
839 3915 1031 3977 manauere
1044 3917 1109 3981 (utu
1121 3914 1164 3975 1.).
1189 3915 1303 3970 Quaen
1315 3913 1467 3977 eademque-

200 3963 240 4015 Μ
248 3971 300 4022 tud
308 3973 358 4038 qud
368 3975 447 4024 minor
457 3987 491 4024 est
501 3975 610 4025 &mutia
625 3979 646 4024 A
659 3979 689 4035 Τ,
702 3990 806 4039 respectu
838 3996 885 4043 que
896 3983 984 4027 ratione
995 3992 1050 4028 sunt
1061 3980 1201 4043 aquationes
1212 3978 1326 4025 maxima.

200 4027 294 4084 fimo·
304 4039 367 4096 Ta,
377 4037 805 4105 edoeleriusapsidesprogrediuntur,
871 4044 906 4108 (‘)
925 4049 938 4075 0
963 4047 1064 4093 Variatio
1080 4047 1183 4093 satellitis
1200 4060 1213 4091 c
1229 4045 1286 4092 Jove
1302 4045 1403 4104 metati,
1420 4043 1466 4090 hoc

209 4107 238 4151 l!
251 4110 295 4149 not
313 4103 339 4150 in
360 4104 415 4152 Cor.
433 4110 456 4151 8.
478 4105 548 4166 Prop.
568 4106 668 4154 var.
688 4106 742 4154 Lib.
765 4107 806 4168 l.).
838 4118 879 4165 est,
896 4118 974 4157 motus
989 4108 1108 4171 angularis
1121 4108 1224 4155 satellitis
1235 4106 1309 4153 estad
1321 4117 1411 4155 motum
1422 4122 1466 4153 au·

234 4167 419 4238 utmectionis
429 4184 499 4216 causa
508 4184 580 4232 quam
590 4180 659 4218 autor
669 4181 746 4217 noster
757 4185 804 4217 non
837 4172 942 4235 gularem
963 4173 1039 4220 Luna
1058 4182 1085 4220 ut
1101 4181 1157 4219 sunt
1172 4170 1314 4218 adinvicem
1329 4171 1372 4218 toti
1387 4181 1466 4218 motus

196 4231 279 4296 'fmi-
313 4230 378 4280 cum
394 4232 458 4280 enim
473 4235 583 4282 satellites
598 4235 665 4282 dosis
675 4245 699 4282 et
711 4235 805 4281 Satursd
836 4237 952 4284 nodorum
963 4237 1106 4298 temporibus
1118 4237 1203 4299 quibus
1217 4235 1308 4282 satelles
1317 4247 1341 4282 at
1353 4235 1425 4282 Luna
1435 4233 1465 4282 ad

193 4288 242 4337 “tl
254 4307 306 4342 mos
320 4294 425 4358 planetas
434 4297 556 4357 primarios
566 4298 695 4346 describant
706 4298 806 4347 circulos
839 4300 917 4348 Solem
928 4302 1085 4354 revolvuntur.
1101 4298 1149 4348 siud
1160 4297 1245 4347 clarius
1255 4298 1280 4345 iu
1291 4299 1380 4347 ratiom
1391 4297 1465 4346 oodo-

195 4348 233 4424 'pi
244 4359 397 4409 murima
413 4360 507 4427 (Pban.
524 4362 545 4410 1.
558 4371 582 4409 et
599 4363 651 4423 ΙΙ.)
664 4363 735 4410 Luna
749 4361 804 4411 verb
837 4379 890 4411 rum
902 4365 980 4412 Luna
990 4366 1020 4412 ad
1030 4377 1121 4412 motum
1133 4363 1248 4412 nodorum
1256 4377 1362 4410 manum
1373 4373 1398 4410 et
1405 4373 1465 4410 tenu

195 4418 243 4466 “td
259 4423 353 4472 Terram
371 4425 398 4473 in
416 4423 492 4473 orbiti
508 4426 611 4487 ellipticd
625 4427 763 4485 revolvatur,
781 4437 805 4475 et
836 4429 899 4489 poris
914 4429 1025 4490 periodici
1042 4430 1118 4476 Luna
1129 4427 1158 4475 ad
1170 4438 1262 4490 tempus
1273 4426 1418 4487 periodicum
1428 4443 1464 4474 sa·

134 4488 136 4521 ἶ
196 4482 805 4553 Ηυάιωαωωᾰοωωίυοώῐίᾶἀὶίρῑίείᾳυὲω
835 4493 915 4540 tellitis
930 4495 983 4557 (per
999 4494 1052 4541 Cor.
1068 4499 1105 4540 16.
1129 4491 1199 4553 Prop.
1215 4491 1314 4539 vat.
1336 4490 1389 4537 Lib.
1405 4491 1426 4539 l.
1441 4499 1465 4539 et

196 4547 328 4610 nummi,
346 4554 437 4601 casaris
453 4554 563 4603 omuibus
576 4557 731 4613 manentibus,
748 4557 803 4604 binc
836 4565 884 4604 not
898 4557 923 4603 iu
941 4558 1003 4604 idam
1022 4556 1122 4617 Comi).
1165 4556 1222 4606 Jam
1237 4552 1293 4603 verd
1302 4564 1381 4602 motus
1391 4552 1465 4601 uodo-

197 4614 326 4680 qugis
333 4619 504 4693 cujuscumque
511 4618 616 4667 satellitis
624 4636 665 4681 per
671 4620 803 4682 analogiam
835 4637 889 4668 rum
902 4621 978 4667 Luna
990 4635 1083 4667 annuus
1093 4629 1128 4668 est
1138 4620 1237 4671 69681'2
1251 4629 1278 4667 ut
1292 4616 1372 4680 posted
1382 4618 1464 4666 statui-

201 4679 319 4744 Qttusu
337 4682 343 4694 '
366 4682 455 4729 luania
464 4693 580 4739 iuventus,
588 4684 688 4732 diminui
699 4684 768 4733 debet
777 4685 803 4731 iu
835 4695 874 4732 tur
892 4701 907 4732 a
926 4684 1050 4740 Newtouo,
1071 4684 1147 4731 nodus
1165 4694 1243 4733 autam
1261 4683 1364 4731 satellitis
1382 4682 1464 4730 extimi

203 4741 270 4788 ’Μ
283 4697 356 4804 pauli.
367 4747 459 4793 mium
471 4744 543 4809 quim
555 4752 566 4795 l
580 4748 610 4795 ad
620 4754 643 4805 2,
655 4749 746 4796 calculo
756 4764 803 4796 noo
831 4748 926 4815 jovialis
946 4747 1013 4795 annia
1028 4757 1122 4796 centum
1139 4750 1233 4798 conticit
1248 4746 1285 4795 8⁰.
1300 4746 1343 4794 24‘.
1363 4742 1465 4809 idsbque

204 4795 279 4852 ΜΕ
288 4809 320 4856 illi
329 4810 371 4874 qul
383 4807 489 4860 XXXI·
505 4810 575 4874 ¹'wtt-
589 4812 729 4860 instituetur·
836 4839 915 4878 motus
938 4827 1028 4876 'usdam
1039 4845 1133 4878 annuus
1146 4840 1182 4879 sat
1194 4814 1268 4898 mi·
1286 4843 1379 4894 tempus
1388 4830 1465 4893 perio·

134 4919 141 4997 κ,
231 4879 559 4956 i‘l‘AEqasts'ossssasss'ssa.
591 4894 803 4947 Namesroresss·
835 4893 916 4943 ᾱίοωιι
960 4908 1015 4942 una
1038 4905 1073 4945 ast
1096 4894 1188 4945 diarum
1209 4895 1467 4946 manducabitis
